3920 4864
1238 324 1387 406 Lt
1437 354 1505 403 Β.
1604 326 1709 403 ῙῙ.

1891 330 2185 408 ΟΑΡ.
2277 329 2476 411 ΧΧ.
2539 327 2558 344 “
2973 336 3176 441 3455

438 467 756 559 unquam
794 427 1134 531 ‘Israelitae
1189 453 1276 525 ad
1322 475 1559 550 Pacem
1612 426 2109 558 solicitat-quse,
2202 455 2282 530 δᾶ
2323 457 2518 531 causa
2567 454 2825 533 ibidem
2883 457 3120 537 editur

446 553 845 659 ejusmodi,
910 551 1075 664 quja
1110 546 1988 625 commeatum⁹1srae⁸ht1s
2030 574 2173 625 non
2211 554 2633 628 advexerant
2660 577 2750 628 ex
2780 553 3116 655 AEgypto

459 771 592 857 they
620 792 721 834 are
760 769 978 832 become
1031 767 1355 852 Profilytes
1385 813 1407 843 ,
1469 765 1590 830 and
1612 766 1759 828 have

473 862 644 921 taken
659 871 808 937 upon
830 851 986 915 them
1014 853 1103 913 all
1130 852 1228 914 the
1255 855 1758 915 commanda-nunu

465 940 655 1006 which
689 960 790 1000 are
842 941 902 999 in
937 936 1082 997 Low
1114 980 1153 1009 ,.
1194 935 1304 998 like
1334 935 1758 1017 wrfifirvants

470 1024 638 1085 when
670 1022 800 1102 they
831 1042 931 1080 erre
962 1021 1123 1080 made
1138 1018 1278 1100 free
1310 1061 1331 1090 ,
1362 1021 1475 1082 'loe‘
1494 1018 1621 1100 they
1658 1039 1769 1078 are⁴

2989 676 3118 748 VC}

1820 769 1947 829 uffis
1981 764 2168 831 diebus
2197 772 2256 832 in
2269 770 2526 851 seculum
2546 815 2564 844 ,
2621 773 2752 856 (qui
2786 791 2987 837 textus
3011 772 3108 836 vi·-

1824 849 2001 913 detur
2034 852 2227 931 priori
2259 852 2684 922 contradicere
2718 879 2733 918 2
2791 856 2868 918 fic
2899 875 3112 920 autem

1821 932 2221 1010 conciliatur)
2261 944 2526 1016 quamvis
2541 959 2650 1001 non
2684 955 3108 1021 queratur-pax·

1818 1037 2008 1079 eorum
2025 1060 2046 1089 ‚
2075 1017 2138 1098 fi
2175 1032 2365 1079 tamen
2397 1027 2566 1101 pacis
2609 1026 2949 1087 conditiones
3003 1021 3114 1102 ἱρῇ

466 1127 536 1168 tu·
569 1106 859 1188 Iftaelites
899 1107 959 1164 in
1008 1103 1098 1162 all
1129 1103 1382 1181 respeae‘is.
1434 1103 1609 1163 Num.
1654 1121 1759 1172 xv,
1806 1101 2004 1178 sponte
2025 1100 2288 1181 praestent
2304 1146 2325 1174 ,
2367 1109 2718 1185 recipiuntur
2735 1149 2757 1179 ‚
2803 1112 2937 1187 quia
2961 1108 3106 1170 dici-

467 1202 569 1263 15.
609 1190 731 1248 and
750 1192 802 1247 it
831 1188 882 1246 ir
926 1184 1070 1246 Low
1103 1185 1316 1267 ullsor
1338 1184 1492 1246 them
1523 1201 1578 1245 te
1607 1206 1780 1247 come·
1820 1200 1919 1245 tut·
1964 1181 2143 1256 (ibid.
2165 1186 2314 1247 vers.
2363 1193 2461 1262 17)
2503 1191 2562 1249 in
2590 1187 2726 1250 bono
2739 1190 2851 1271 suo
2871 1203 2990 1252 ‘non
2996 1204 3112 1270 po·-

460 1275 588 1334 r‘nto
618 1269 713 1330 the
746 1267 968 1330 Char-ch
1001 1291 1031 1329 0
1096 1270 1263 1330 Lord
1286 1311 1307 1340 ,
1351 1286 1450 1330 out
1483 1268 1559 1350 os
1579 1267 1749 1330 hand.

477 1453 536 1498 te
576 1457 676 1497 are
692 1436 998 1518 forbidden
1010 1435 1124 1516 fhr
1160 1455 1295 1496 ever
1331 1477 1352 1508 ,
1416 1433 1513 1496 the
1545 1436 1722 1495 males
1738 1476 1759 1505 ‚
1826 1434 1879 1494 C
1888 1433 1928 1494 l.
1973 1434 2304 1496 Schickard.
2351 1443 2410 1498 in

475 1519 578 1580 but
608 1535 706 1582 not
749 1518 842 1579 the
871 1519 1144 1600 fimales.
1200 1519 1378 1578 Deut.
1426 1534 1658 1579 xxll1.
1704 1537 1757 1598 3.
1825 1530 1962 1599 306.
2012 1519 2148 1579 edit.
2213 1519 2375 1599 LipJ:

477 1603 779 1666 Attamen
828 1601 948 1665 hoc
1005 1597 1441 1664 Rabbinorum
1472 1598 1759 1684 effugium

476 1705 598 1748 non
630 1686 716 1749 ita
752 1682 1024 1748 validum
1062 1727 1082 1756 ,
1148 1699 1215 1750 ut
1258 1682 1428 1762 rejici
1464 1704 1585 1745 non
1621 1686 1757 1767 pos·

470 1767 563 1833 fit.
610 1767 900 1832 Edictum
934 1766 1300 1853 generaliter
1333 1766 1608 1850 loquitur
1627 1787 1757 1830 :am

472 1850 549 1915 de
588 1852 879 1915 masculis
911 1894 933 1922 ,
994 1847 1183 1933 quam
1234 1847 1502 1913 faeminis
1538 1896 1556 1924 ‚
1618 1872 1752 1934 qua:

473 1934 579 1997 nisi
613 1936 975 2019 religionem
1025 1933 1148 1997 Dei
1198 1933 1261 1995 in
1310 1936 1369 1996 se
1418 1934 1755 2017 reciperent

474 2023 543 2083 ὃ(
577 2017 656 2081 ad
698 2019 906 2082 Deum
955 2019 1013 2082 se
1063 2036 1489 2081 converterent
1524 2061 1543 2089 ,
1605 2037 1755 2079 nun-

409 2132 413 2136 ·
474 2097 666 2184 quam
696 2100 1147 2196 recipiebantur
1176 2146 1196 2172 ,
1256 2103 1325 2165 δε
1360 2099 1756 2183 illegitimum

478 2203 611 2246 erat
640 2205 782 2248 cum
818 2184 942 2250 dlis
988 2183 1342 2268 conjugium
1375 2183 1758 2247 contrahere.

474 2268 711 2331 Nehem.
748 2287 932 2340 χιιι,
969 2287 1067 2350 23,
1120 2286 1222 2341 24,
1276 2283 1345 2341 25
1396 2269 1527 2350 Est.
1567 2283 1662 2340 lx,
1699 2284 1756 2340 1,

476 2369 533 2415 2.
625 2354 936 2419 Notanter
978 2352 1186 2437 itaque
1227 2348 1473 2413 additur
1509 2350 1573 2413 in
1589 2354 1756 2435 ficu-

469 2437 594 2499 lum
630 2481 651 2511 ,
710 2436 880 2521 quod
912 2435 1065 2501 bene
1096 2435 1368 2518 explicat
1397 2436 1750 2498 Ainswortb.

476 2519 788 2581 Commeat.
807 2518 941 2581 inb.
973 2522 1015 2580 Ι.
1035 2520 1157 2601 sol.
1191 2542 1267 2581 m.
1293 2518 1390 2591 9'9,
1420 2520 1754 2587 edit.Lond.

1807 1268 2029 1349 pulcris
2077 1289 2199 1328 eum
2268 1268 2440 1341 (licet
2491 1267 2566 1332 de
2613 1273 2785 1333 servo
2813 1271 3061 1333 dietum
3085 1311 3112 1345 ,

472 1390 568 1403 ---
612 1390 702 1402 ---
743 1352 859 1413 The
894 1351 1217 1414 Ammo'nite
1252 1350 1373 1412 and
1403 1351 1498 1413 the
1531 1352 1759 1414 Moabi-
1823 1356 2061 1427 tamen)

2122 1351 2222 1412 hos
2256 1358 2432 1415 etiam
2470 1352 2910 1434 comprehendit.
2952 1353 3108 1417 vid.

2438 1432 2604 1580 ἕπῃ
2646 1452 2811 1500 naon
2845 1451 2991 1517 pag.
3027 1431 3118 1500 ml

2499 1516 2694 1582 onfer.
2756 1521 3104 1584 Maimonid.

1819 1617 1955 1661 tom.
1990 1618 2048 1670 4.
2081 1608 2262 1668 trae?-
2295 1605 2362 1662 de
2394 1604 2539 1683 Reg.
2573 1627 2624 1665 c.
2659 1615 2717 1663 6.
2732 1604 2795 1685 s
2833 1615 2892 1664 6.

1905 1702 1959 1752 9.
2005 1684 2419 1763 Commeatum]
2470 1687 2740 1749 Causam
2771 1685 2947 1767 hujus
2968 1683 3108 1748 red·

1820 1762 1911 1828 dit
1946 1766 2154 1829 Autor
2187 1766 2387 1830 noster
2419 1813 2441 1842 ‚
2485 1766 2652 1852 quod
2683 1787 3110 1833 commeatum

1821 1870 1944 1911 non
1971 1847 2324 1913 advexerint
2353 1896 2375 1924 ,
2433 1872 2562 1935 quae
2602 1852 2792 1916 etiam
2842 1852 2904 1914 in
2958 1852 3108 1915 scri-

1822 1952 2001 2013 ptura
2032 1936 2202 1996 sacra
2233 1935 2624 2006 continetur3
2669 1956 2883 1998 verum
2914 1935 3111 1998 aliam

1822 2028 2068 2098 quoque
2111 2019 2358 2078 causam
2404 2016 2579 2080 addit
2623 2019 2840 2081 Paulus
2894 2020 3110 2097 Fagius

1818 2105 1876 2160 in
1912 2115 2106 2161 annot.
2136 2102 2218 2159 ad
2241 2100 2600 2184 Paraphrass
2629 2100 2930 2164 Chaldaic.
2949 2106 3008 2161 in
3040 2100 3102 2164 h.

1817 2180 1857 2243 l.
1896 2182 1984 2243 ita
2017 2181 2316 2248 scribens:
2363 2183 2566 2246 Porro
2603 2183 2992 2246 Ammonitae
3029 2190 3099 2248 δε

1818 2263 2119 2328 Moabitae
2155 2287 2277 2328 non
2310 2285 2442 2330 tam
2477 2288 2550 2330 ex
2585 2264 2872 2353 e0,quod
2904 2287 2974 2330 ex
3007 2266 3108 2329 in·-
3205 2344 3209 2348 ,

1814 2348 1975 2411 cestu
1996 2349 2125 2412 nati
2158 2368 2330 2412 erant
2363 2351 2424 2419 in
2459 2347 2799 2415 Ecclefiam
2837 2347 3106 2414 Domini

1815 2434 2019 2496 venire
2052 2430 2458 2515 prohibentur
2479 2479 2500 2508 ,
2542 2455 2730 2519 quam
2753 2456 2824 2497 ex
2843 2456 2917 2498 eo
2938 2432 3108 2517 quod

1814 2518 1871 2578 se
1894 2516 2169 2600 ingratos
2202 2537 2348 2600 erga
2378 2517 2540 2579 filios
2573 2518 2762 2581 Israel
2794 2517 3103 2580 exhibuis-

474 2600 568 2664 ita
600 2599 882 2664 differens
917 2622 933 2661 ε
990 2603 1063 2663 So
1110 2607 1161 2663 it
1205 2601 1516 2684 appeareth
1549 2645 1569 2674 ‚
1627 2601 1763 2663 that
1812 2601 1959 2662 sent.
2009 2596 2427 2665 Mandaverat
2470 2598 2641 2664 Deus
2672 2603 2851 2665 Deut.
2879 2616 2968 2663 11.
3016 2599 3100 2679 ᾗ.

474 2684 573 2747 the
602 2686 893 2748 Moabites
925 2687 1044 2745 and
1060 2685 1406 2747 Ammonites
1441 2686 1629 2765 might
1665 2707 1760 2745 ne-

472 2780 577 2831 'ver
607 2770 669 2829 be
699 2792 800 2833 one
830 2770 967 2849 body
996 2768 1138 2830 with
1170 2770 1259 2829 tbe
1285 2767 1760 2832 Commomvealth

474 2854 551 2935 of
567 2855 759 2935 Istae!
776 2898 795 2925 ,
834 2852 1048 2931 though
1086 2852 1251 2914 other
1272 2854 1503 2933 peopies
1536 2852 1758 2933 might,

476 2956 546 2996 as
574 2935 795 3014 Jsether
827 2959 901 2995 an
936 2936 1243 3016 (fina'e‘lite.
1283 2951 1336 2996 1.
1371 2934 1510 2996 Chr.
1536 2952 1623 2996 11.
1662 2953 1753 3009 17.

478 3020 532 3082 ὦ·
587 3020 775 3080 called
811 3041 887 3080 an
926 3021 1218 3101 [findite.
1271 3035 1327 3080 2.
1376 3020 1534 3080 Sam.
1576 3034 1755 3089 xvll,

479 3116 578 3175 25.

562 3186 619 3244 8.
662 3180 763 3243 Ad
788 3198 987 3264 pacem
1018 3184 1422 3267 filicitarent]
1516 3178 1756 3244 Eadem

472 3262 761 3327 dicuntur
797 3265 872 3329 de
905 3270 1167 3329 Canaitic
1218 3267 1347 3349 Eft.
1391 3283 1487 3335 ιχ,
1526 3280 1617 3335 11,
1659 3279 1751 3325 12.

468 3345 620 3411 Hoc
676 3368 798 3412 non
857 3350 1054 3413 intelli
1100 3349 1321 3412 endum
1385 3346 1458 3411 de
1513 3346 1754 3409 malitia

465 3430 845 3497 vindicanda
866 3477 883 3505 ‚
927 3453 1050 3516 quo
1125 3421 1405 3514 injustum
1429 3435 1592 3493 Rom.
1615 3446 1753 3503 x11,

463 3528 561 3588 17.
596 3532 691 3585 19.
722 3536 834 3580 nec
861 3514 1203 3597 putandum
1241 3513 1409 3599 quod
1442 3514 1598 3577 salus
1618 3514 1751 3575 ani-

462 3614 709 3661 marum
758 3619 884 3663 non
914 3596 983 3661 fit
1014 3597 1404 3693 procuranda
1446 3615 1474 3659 1
1512 3600 1657 3657 Tim.
1692 3616 1752 3668 2,

462 3696 526 3752 4.
559 3677 716 3762 ,Sed
749 3680 845 3745 his
876 3684 1197 3764 respicitur
1240 3681 1457 3763 populi
1489 3678 1750 3741 infideli-

462 3780 581 3825 tas,
665 3762 826 3828 Haec
870 3767 1156 3849 exceptio
1204 3764 1428 3847 prioris
1482 3762 1632 3845 legis
1668 3761 1748 3823 est

460 3846 644 3906 Deut.
681 3863 792 3921 xx,
829 3865 924 3911 10.
986 3871 1145 3933 quae*
1168 3847 1242 3911 de
1290 3846 1609 3910 oblatione
1643 3865 1752 3928 pa-

460 3929 554 3991 cis
588 3929 717 4013 agit
748 3930 809 3992 in
843 3931 1014 3995 bello
1045 3933 1350 4015 legitimo,
1400 3931 1639 3994 Verum
1674 3927 1748 3991 de

452 4012 701 4076 Ammon
734 4018 800 4079 &
831 4016 1011 4079 Moab
1043 4014 1272 4089 dicitur
1313 4020 1491 4077 Deut.
1530 4029 1746 4077 xx111.

456 4107 515 4161 6.
557 4098 694 4167 Non
719 4120 939 4184 quaeras
952 4114 1157 4180 pacem
1189 4103 1286 4167 vel
1312 4094 1510 4168 bonuin
1538 4120 1751 4174 eorum,

1817 2706 1874 2763 9.
1928 2704 2002 2746 ne
2049 2680 2360 2765 obsideant
2425 2684 2721 2748 Israelitae
2770 2683 3110 2758 Moabitas,

1816 2786 2008 2851 neque
2041 2766 2318 2840 irritent,
2362 2788 2429 2832 ut
2462 2769 2668 2832 ineant
2703 2788 2845 2846 cum
2871 2767 2954 2830 eis
2971 2767 3107 2830 bel-

1815 2849 1968 2915 lum.
2058 2852 2300 2935 Anglus
2334 2850 2599 2916 reddidit
2632 2875 2648 2915 ε
2710 2850 2976 2994 Distrss}
3006 2867 3108 2915 not

1818 2936 1997 2996 Moab
2028 2979 2048 3005 ,
2091 2936 2313 2997 neither
2344 2938 2558 2998 meddle
2598 2935 2735 2997 thou
2771 2942 2876 2997 wit
2951 2934 3105 2995 them

1816 3022 1876 3077 in
1904 3018 2109 3077 battel.
2202 3016 2427 3079 Voluit
2469 3018 2639 3081 Deus
2669 3061 2690 3089 ,
2748 3040 2820 3080 ne
2853 3017 3110 3094 Moyses

1816 3098 1983 3159 bello
2017 3095 2323 3161 lacesseret
2353 3118 2479 3161 eos,
2558 3099 2759 3180 Hujus
2795 3098 2887 3159 illi
2922 3098 3106 3159 bene-

1815 3180 1938 3242 ficii
1967 3182 2365 3245 immemores
2396 3181 2635 3242 inimici
2684 3201 2754 3243 ac
2803 3178 3104 3242 hostiliter

1811 3266 1926 3326 sese
1952 3264 2374 3329 exhibuerunt.
2424 3265 2593 3326 Nam
2625 3263 2839 3345 priscis
2858 3283 3103 3325 morem

1811 3343 1981 3410 fuiss'e
2034 3346 2246 3410 dicunt
2283 3391 2304 3420 ‚
2366 3345 2708 3431 hospitibus
2744 3368 2817 3411 ac
2853 3366 3110 3430 praeter-

1814 3429 2098 3494 euntibus
2152 3429 2400 3514 populis
2435 3476 2452 3503 ‚
2510 3452 2735 3514 panem
2770 3436 2838 3496 διε
2877 3451 3108 3515 aquam

1817 3512 2036 3577 offerre
2070 3535 2185 3597 pro
2225 3514 2483 3599 pecunia
2515 3559 2533 3587 ,
2595 3514 2660 3579 id
2692 3535 2901 3580 tamen
2941 3515 3105 3578 Am-

1820 3598 2072 3660 monitae
2109 3603 2209 3663 ’δε
2295 3598 2600 3663 Moabitae
2674 3600 3108 3683 neglexerunt,
3168 3616 3177 3625 ⁴

1814 3702 2000 3781 quare
2017 3681 2202 3759 etiabm
2226 3701 2428 3763 paenas
2453 3683 2646 3747 luunt.
2669 3680 2925 3748 Confer.
2945 3687 3105 3746 Hen-
3125 3722 3196 3770 ὁ
3211 3742 3242 3749 ,,
3263 3738 3276 3747 .

1814 3788 1918 3827 rtc.
1960 3765 2316 3827 Ainsmorth.
2368 3766 2676 3829 Commcnt.
2726 3774 2787 3833 in
2833 3769 2888 3830 h.
2926 3767 3103 3849 LJol.

1818 3866 1916 3931 99.
1966 3847 2232 3933 Quando
2272 3850 2478 3927 itaque
2513 3873 2740 3916 natura:
2761 3851 2980 3934 injuria
3013 3850 3122 3937 in-p

1819 3926 2049 4003 fertur,
2097 3932 2439 4029 bellot-juste
2468 3935 2834 3999 vindicatur.
2903 3935 3106 4024 Natu-

1820 4037 1896 4078 rae
1934 4036 2141 4078 autem
2177 4034 2443 4083 inserunt
2485 4021 2772 4103 injuriam
2797 4063 2814 4089 ,
2859 4032 3109 4097 quievi-

1820 4098 2031 4164 ἀεικεῖ
2061 4123 2330 4185 peccant
2385 4124 2600 4168 contra
2634 4102 2726 4185 jus
2772 4117 3000 4162 natura:
3043 4100 3112 4156 ἃς

2333 4188 2397 4251 X
2422 4206 2458 4247 x
2912 4177 3118 4241 homi-
