3920 4864
1108 386 1184 464 L
1227 413 1257 465 1
1305 412 1371 464 n.
1468 344 1651 463 111.
1731 383 1810 464 o
1848 406 1902 464 A
1950 410 2027 464 ι».
2117 360 2388 468 vni:
2876 417 3030 501 471

359 513 554 609 dixi,
604 506 918 589 clausum
969 506 1191 607 usque
1237 512 1309 583 in
1359 532 1510 582 earn
1558 505 1745 583 diem
1792 507 1998 585 suifl‘e
2048 511 2251 589 sacrae
2304 507 2674 613 ‘scripturae
2718 514 3038 621 librum,=

364 616 562 715 'cujus
601 607 949 711 signacula
980 606 1187 680 solvit
1237 606 1347 678 leo
1378 605 1496 677 ille
1537 604 1625 677 de
1672 604 1859 680 tribu
1889 608 2117 699 Judae.
2215 609 2384 684 Hoc
2435 612 2827 691 iterandum
2869 621 3032 699 fuit.

364 714 636 791 Scitum
668 707 767 780 est
802 704 983 778 istud
1004 761 1024 791 ,
1072 708 1236 815 δὶςιζ,
1272 704 1409 790 τάς
1431 703 1491 772 αδ
1525 703 1759 796 κωλδν,
1810 702 1908 774 bis
1935 709 2016 784 (9-
2047 727 2146 777 ter
2173 729 2492 803 repetatur
2510 716 3033 809 quodpulchrum

279 792 286 807 ⁶
365 810 479 903 est.
578 804 1000 887 Enimvero,
1049 801 1163 875 leo
1198 801 1357 893 ille,
1405 796 1683 874 Mcffias
1725 800 1871 891 est,
1922 801 2046 911 qui
2089 802 2331 877 divina
2372 806 2443 877 vi
2478 827 2688 906 atque
2730 818 3031 909 quadam

367 902 813 1005 inspiratione
873 899 1230 996 Apostolis
1290 898 1484 972 dedit
1532 921 1601 971 m
1660 897 1906 973 sticum
1958 897 2400 974 intellectum
2466 926 2700 980 carum
2754 936 3035 1009 rerum,

368 1027 540 1104 quas
580 1022 795 1074 nemo
823 996 1185 1097 quisquam
1219 996 1557 1071 assecutus
1625 1017 1839 1079 uerat.
1908 995 2069 1070 Nos
2098 1020 2218 1090 ea,
2263 999 2350 1070 ad
2380 1022 2539 1097 quae
2586 1027 2779 1079 mens
2801 1009 3033 1088 nostra

369 1098 724 1176 imbecilla
756 1095 937 1170 haud
977 1094 1282 1170 ascendit
1322 1152 1345 1187 ‚
1391 1091 1533 1167 sola
1582 1094 2037 1189 admiratione
2084 1116 2541 1170 veneremur:
2593 1101 2709 1194 Sc,
2761 1108 3036 1202 quoties

370 1196 598 1273 causas
631 1192 1066 1293 rationesque
1105 1191 1489 1266 istiusmodi
1519 1192 2016 1289 probationum
2065 1215 2210 1266 non
2242 1192 2635 1288 cernimus,
2683 1199 3036 1304 dicamuS,

366 1294 705 1370 Cabalam
741 1291 915 1383 effe,
971 1317 1113 1365 non
1155 1290 1349 1363 illam
1389 1288 1694 1389 ineptam
1757 1290 2203 1387 Judaeorum,
2253 1289 2365 1363 sed
2404 1289 2620 1385 hanc,
2668 1298 2866 1398 cujus
2915 1328 3037 1381 au-

366 1392 539 1468 thor
571 1392 768 1466 Deus
795 1388 916 1463 est.
1012 1387 1183 1463 Hoc
1217 1411 1437 1461 unum
1488 1387 1757 1487 asylum
1795 1386 2146 1486 superest,
2190 1387 2275 1462 ad
2307 1389 2497 1487 quod
2534 1391 2919 1495 confugere
2953 1400 3040 1474 li-

374 1508 514 1566 cet.
587 1492 836 1571 seems,
886 1487 1107 1561 nodos
1134 1484 1342 1559 video
1373 1483 1929 1578 inextricabiles,
1975 1485 2385 1585 &implexa
2416 1486 2825 1590 aenigmata,
2877 1520 3040 1595 quae

375 1586 748 1663 diss’olvere
786 1583 969 1658 haud
1002 1584 1152 1682 opis
1180 1580 1278 1655 est
1309 1580 1601 1657 nostrae':
1649 1581 1763 1657 sed
1796 1605 1922 1657 nec
1955 1581 2031 1656 in
2062 1582 2199 1656 alio
2230 1584 2559 1682 quopiam
2593 1588 2727 1662 ess‘e
2760 1615 2908 1666 eam
2928 1594 3040 1671 in-

378 1682 569 1759 uenii
615 1683 761 1757 vim
808 1681 1202 1778 opinamur.
1304 1678 1642 1756 Diximus
1688 1680 1780 1755 de
1831 1679 2124 1851 miystica
2173 1679 2739 1779 interpretatione
2771 1748 2794 1782 ,
2842 1696 3040 1802 quod

376 1744 874 1857 fintiebamus:
906 1778 1019 1853 sed
1053 1778 1411 1870 addimuS,
1457 1776 1641 1853 haud
1666 1777 1892 1875 promi
1925 1801 2126 1853 cuam
2159 1800 2309 1852 cam
2342 1779 2518 1873 effe,
2539 1807 2668 1856 nec
2703 1785 3050 1886 plurium,

377 1880 493 1955 sed
532 1878 703 1953 stare
736 1878 869 1950 suis
913 1875 1209 1954 finibus:
1261 1876 1391 1950 stat
1423 1898 1549 1965 ea,
1596 1874 1925 1975 inquam,
1973 1875 2152 1950 intra
2183 1874 2563 1975 Apostolos
2590 1880 2665 1956 δε
2707 1883 3040 1989 Euange-

376 1978 633 2052 liorum
683 1973 1092 2072 scriptores»,
1191 1994 1445 2055 uorum
1494 1972 1652 2046 sunt
1697 1972 2322 2048 commentationes
2369 1976 2737 2061 9εόπνώςυι.
2837 1984 3039 2062 Nam

384 2074 576 2174 quod
628 2072 864 2172 postea
910 1998 1503 2146 sanffichclefiae
1544 2068 1880 2144 antistites
1926 2069 2110 2145 idem
2150 2069 2328 2144 illud
2370 2071 2617 2148 imitati
2649 2074 2857 2173 sunt,
2904 2082 3042 2161 alia

379 2195 491 2247 res
525 2171 668 2246 est:
718 2168 994 2243 nullum
1024 2167 1214 2244 enim
1252 2190 1495 2242 corum
1532 2168 1901 2243 inventum
1983 2165 2224 2242 robare
2249 2169 2617 2270 cogimur,
2666 2173 2790 2249 nifi
2864 2179 3038 2257 robe

379 2267 584 2344 nobis
614 2269 761 2367 ejus
795 2265 1149 2341 intellecta
1182 2266 1355 2340 ratio
1389 2260 1495 2339 fit.
1596 2266 1709 2339 Ad
1740 2262 1942 2340 Caba
1972 2288 2033 2340 ae
2064 2265 2498 2343 divinitatem
2538 2294 2715 2369 opus
2746 2298 2785 2346 e
2865 2333 2890 2367 ,
2936 2279 3045 2355 uti

380 2366 454 2443 in
487 2366 790 2441 hominis
824 2361 1068 2463 pectus
1101 2364 1205 2440 vis
1241 2362 1544 2440 coelestis
1571 2362 1954 2442 descendat.
2055 2362 2137 2439 N
2141 2388 2234 2441 on
2263 2366 2488 2465 potest
2521 2392 2625 2443 res
2659 2390 2845 2447 tanta
2869 2371 3046 2453 stare

383 2464 530 2538 fine
565 2467 875 2540 numine.
974 2463 1363 2562 Origenes,
1417 2462 1764 2538 maximus
1798 2462 1950 2539 sane
1973 2461 2127 2556 vir,
2173 2462 2248 2539 in
2281 2467 2612 2564 anagogis
2649 2487 2919 2547 tantum
2954 2469 3044 2550 fi-

382 2560 454 2636 bi
485 2560 835 2660 permifit‚
883 2561 988 2634 uti
1021 2559 1311 2646 modum
1334 2558 1731 2650 excefferit,
1780 2562 2187 2662 neutiquam
2225 2564 2655 2638 verecunde:
2703 2587 2772 2639 at
2792 2570 3044 2670 Augu.

382 2657 603 2735 stinus
648 2661 723 2734 δε
771 2658 1258 2758 Hieronymus
1303 2658 1787 2757 prudentiores
1831 2656 2073 2736 fuere:
2121 2684 2381 2760 quare,
2427 2679 2511 2736 ut
2555 2661 2749 2738 nulla
2791 2687 3042 2745 eorum

365 2776 783 2843 ,commenta
828 2755 1315 2832 authoritatem
1362 2756 1685 2830 obtinent
1720 2753 1978 2832 sacram
2013 2815 2037 2849 ‚
2085 2756 2179 2832 ita
2225 2760 2385 2836 sunt
2427 2760 2756 2859 pleraque
2807 2784 3044 2841 tamen

380 2854 877 2953 pulcherrima.
927 2851 1065 2930 Vel
1086 2853 1263 2930 illud
1283 2853 1711 2953 Hieronymi
1743 2869 1951 2954 quam
1989 2856 2432 2934 luculentum
2459 2857 2602 2951 est,
2653 2862 2846 2958 quod
2881 2864 3052 2938 ideo

385 2953 717 3033 referam,
765 2953 928 3047 quia
962 2951 1045 3023 ad
1076 2951 1248 3047 legis
1288 2974 1568 3038 arcana,
1615 2953 1703 3023 de
1749 2952 2008 3046 quibus
2045 2955 2359 3027 diximus
2403 2953 2775 3048 hactenus,
2825 2962 3045 3055 perti-

386 3065 534 3121 net.
634 3047 925 3121 Differit
953 3045 1154 3144 super
1185 3044 1507 3119 Matth‘aei
1536 3044 1799 3125 verbis,
1851 3068 2012 3140 quae
2052 3043 2209 3119 sunt
2254 3049 2572 3145 incapite
2608 3050 3039 3133 vicefimo&

387 3141 723 3241 septime,
770 3146 1004 3215 Velm
1052 3146 1267 3238 templi
1290 3140 1540 3234 ftiffiem
1575 3138 1662 3227 est
1701 3146 1771 3209 in
1803 3139 1962 3210 duas
1981 3161 2235 3248 partes,
2284 3145 2326 3212 a
2345 3146 2596 3237 samma
2629 3146 2824 3242 usque
2853 3151 3039 3224 deor-

376 3245 555 3335 [iem.
647 3237 859 3338 Juxta
894 3264 1211 3340 anagogen
1238 3239 1579 3308 dicendam
1609 3232 1693 3324 est
1724 3293 1747 3326 ,
1798 3236 2031 3333 inqult
2067 3295 2090 3330 ,
2137 3240 2308 3335 quod
2338 3244 2725 3312 inclamante
2757 3242 2905 3343 Jefic
2952 3256 3035 3328 ὠ·

283 3412 305 3428 ,
387 3343 711 3410 emittente
721 3343 1024 3433 spiritum
1045 3394 1066 3429 ,
1112 3339 1332 3406 velum
1378 3337 1594 3429 templi
1604 3337 1856 3428 finffiun
1865 3337 1957 3428 stt
1980 3391 2003 3426 ,
2047 3342 2127 3415 ὠ*
2176 3342 2388 3407 omnia
2413 3340 2569 3436 legis
2595 3345 2889 3413 revelata
2899 3350 3040 3436 sint

380 3433 717 3537 mysteria,
769 3457 841 3504 ut
867 3492 889 3524 ‚
935 3462 1063 3529 quae
1084 3440 1268 3530 prius
1307 3433 1631 3503 recondita
1672 3433 2089 3525 tenebantur,
2134 3437 2444 3526 universis
2471 3435 2768 3535 gentibus
2804 3445 3041 3537 prode-

382 3556 633 3608 rentur.
730 3539 807 3602 In
836 3533 992 3603 duas
1020 3551 1237 3602 autem
1270 3551 1519 3627 partes,
1566 3536 1633 3599 in
1685 3552 1873 3602 vetus
1928 3536 2009 3609 (ῥ’
2052 3556 2291 3604 novam
2331 3531 2812 3621 testamentum.-
2860 3547 2941 3618 ὠ-
2985 3543 3032 3612 ὰ

368 3636 621 3729 firmino
655 3632 851 3725 nsque
896 3630 1214 3724 devrsiern:
1259 3626 1343 3699 ab
1387 3632 1573 3698 initio
1620 3630 1880 3715 mnndi,
1934 3631 2187 3723 qnando
2227 3628 2408 3700 homo
2448 3629 2738 3704 conditus
2777 3635 2897 3726 est,
2948 3645 3038 3719 &-

374 3733 675 3822 reliqua,
720 3753 852 3825 qu
868 3727 1061 3822 falla
1090 3732 1157 3796 in
1190 3727 1437 3813 medio,
1468 3729 1659 3817 βενε*
1688 3747 1914 3797 narrat
1942 3723 2246 3817 husterin,
2293 3731 2489 3823 usque
2526 3729 2621 3799 ad
2642 3736 3039 3827 conflamma-

381 3829 614 3896 tionem
642 3826 894 3899 mnndi.
993 3832 1086 3895 Et
1111 3822 1511 3921 quarendum
1532 3876 1553 3912 ‚
1594 3825 1771 3914 quod
1796 3825 2018 3894 velum
2051 3827 2631 3920 teupliss-uffimfit
2651 3885 2674 3920 ‚
2718 3841 3039 3922 exterius,

378 3945 467 3990 an
500 3924 809 3994 imerius?
859 3923 1055 3996 Mihi
1083 3922 1349 3994 videtur
1378 3926 1445 3989 in
1467 3921 1723 4016 paffione
1748 3923 1994 3996 domini
2034 3924 2198 3994 illud
2227 3924 2445 3994 velum
2478 3924 2586 4016 effi
2622 3930 2973 4021 consafficrn
2997 3984 3030 4016 ,.

380 4015 559 4111 quod
586 4021 654 4084 in
680 4018 1084 4093 tabernaculo
1115 4026 1195 4101 cb·
1224 4027 1291 4092 in
1321 4022 1542 4116 templo
1639 4026 1730 4093 ris
1750 4024 2015 4121 pofitnm
2026 4021 2297 4118 furt-at,
2349 4025 2431 4100 ὠ·
2451 4024 2879 4118 appeBabatur
2908 4053 3031 4101 ex-

374 4119 589 4188 mim
617 4142 639 4187 .-
688 4119 848 4211 μὲι
884 4141 1051 4192 nnnc
1096 4145 1180 4196 ex
1211 4140 1414 4218 parte,
1448 4122 1525 4190 vi
1606 4145 1748 4196 vnn:
1776 4178 1797 4213 ,
1848 4122 1928 4200 d·
1958 4141 2044 4191 ex
2088 4141 2275 4219 parte
2318 4123 2756 4220 cognostt‘mus.
2861 4128 3038 4195 Cum

2903 4244 3037 4293 aea.
