3920 4864
1115 248 1192 328 L
1236 276 1268 327 1
1316 273 1388 328 n.
1452 250 1657 327 ,111.
1796 251 1873 326 C
1922 268 1965 326 Δ
2014 279 2088 331 ι’.
2184 258 2448 334 Vll..
2888 269 3046 380 '465

365 382 671 486 prophetat
727 379 1010 473 aeltiffimi
1052 376 1400 450 vocaberis.
1472 381 1661 479 :Eris
1702 384 1869 448 enim
1904 381 2181 452 Domini
2219 382 2623 457 anteambulo
2645 444 2667 479 ,
2712 395 2817 461 uti
2853 399 3043 466 viam
3133 398 3140 408 ’

380 487 490 555 illi
511 506 721 577 pares.
807 479 1022 550 Extat
1063 474 1434 549 Malachiae
1460 475 1822 548 oraculum
1853 478 1926 549 in
1965 478 2357 555 haec-..rerba
2390 482 2699 576 editum,
2748 496 3037 563 Mittam

300 586 308 593 ’
382 579 566 654 vobis
614 580 839 649 Elium
858 570 1269 670 prophetam,
1314 592 1661 667 antequam
1707 578 1935 641 veniat
1963 574 2102 644 dies
2141 574 2385 671 jehova
2429 588 2759 652 maximus
2805 591 3040 661 &aab

378 677 635 754 renam.
740 671 977 745 Eliam
1011 670 1214 745 illum
1247 677 1297 709 ²¹
1347 669 1657 769 optimus
1703 671 2152 745 oraculorum
2196 674 2535 770 interpres
2567 678 2839 754 Meffias
2888 708 3036 765 non

378 775 515 851 cffe
542 772 808 863 alium,
857 766 982 840 nifi
1008 769 1394 861 joannem,
1441 765 1797 843 indicavit.
1897 767 2023 840 Est
2074 787 2303 842 autem
2347 770 2541 845 alteri
2581 777 2857 852 alterius
2903 806 3036 855 no-

373 895 541 953 men
568 867 1089 945 commodatum
1123 862 1167 935 a
1189 883 1395 955 vate,
1432 884 1717 962 propter
1744 862 2118 963 summam,
2218 864 2528 967 uaeinter
2547 874 2873 971 utrosque
2902 878 3034 973 est,

372 963 905 1046 similitudinem
940 970 1024 1033 ²².
1094 958 1462 1051 Cinctum
1509 963 1585 1037 &
1634 959 1838 1055 vestis
1882 962 2117 1035 eadem
2200 962 2352 1035 uit(
2423 963 2800 1057 Jcsabexle'm
2855 973 2975 1048 ille
3008 1032 3035 1066 ,

300 1064 337 1075 ““
377 1064 498 1138 hic
538 1061 1021 1155 Herodiadem·
1053 1055 1435 1132 ostenderat
1484 1057 1800 1134 libertate
1849 1057 2380 1157 increpationis..
2445 1062 2911 1159 ‘Vasta‘ambo
2957 1073 3035 1146 &

382 1161 646 1236 inculta
677 1159 877 1247 loca,
920 1154 1165 1255 procul
1216 1156 1255 1229 εὶ
1283 1155 1688 1230 mortalium
1722 1152 2542 1254 profanamultitudine,
2593 1158 3035 1257 habitavere3

382 1259 587 1358 plane
619 1257 722 1330 uti
752 1253 1149 1354 profectum
1182 1253 1271 1327 ab
1304 1252 1442 1325 illis
1469 1254 1785 1328 videatur
1811 1253 2005 1349 pium
2035 1253 2474 1330 &laudabile
2503 1278 2820 1333 veterum
2856 1260 3038 1337 Ere-

380 1356 706 1430 mitarum
739 1350 1197 1451 propositum.
1295 1350 1542 1440 Adde,
1589 1351 1782 1449 quod
1830 1350 2015 1423 idem
2060 1349 2365 1425 numinis
2410 1355 2678 1428 afflatus
2713 1414 2732 1441 ,
2784 1359 2860 1431 &
2909 1384 3033 1432 eo-

367 1454 541 1529 dem
590 1447 797 1550 pa&o
841 1469 1223 1544 utrumque
1274 1443 1755 1519 inflammavit.
1856 1446 1979 1520 Ne
2036 1470 2123 1521 ue
2185 1448 2359 1522 illud
2408 1475 2584 1524 vane
2626 1452 2894 1531 distum
2943 1456 3033 1531 'ab

366 1549 636 1648 angelo
667 1545 766 1618 est
782 1555 921 1631 „in
943 1546 1380 1615 virtutafiliae
1414 1566 1797 1615 venturum.
1844 1545 1974 1617 Me
2092 1568 2121 1616 s
2158 1546 2484 1642 quidem,
2534 1552 2706 1622 cuni·
2730 1551 2802 1629 in
2827 1546 3034 1628 mon-

378 1640 1039 1743 tequodam‚.disci
1094 1642 1227 1714 ulis
1255 1664 1529 1731 eoram,
1576 1642 1650 1714 in
1679 1638 2032 1715 coelestem
2072 1645 2420 1740 quendam
2455 1644 2881 1737 habitumse
2925 1650 3034 1739 in..

370 1744 664 1831 dueret,
715 1740 942 1813 Eliam
977 1740 1014 1812 a
1100 1735 1506 1812 familiarem
1534 1736 1927 1813 sermonem
1952 1739 2304 1815 adhibuit:
2355 1741 2440 1816 id·
2486 1746 3030 1845 quodapprime

366 1884 376 1898 -
433 1837 761 1913 loriosum
803 1836 991 1911 fuit:
1042 1858 1368 1911 caeterum
1410 1892 1432 1925 ‚
1466 1836 1601 1931 'qui
1643 1836 1894 1928 Joanni
1938 1837 2136 1908 datus
2174 1837 2264 1909 ab
2316 1841 2564 1912 eodem
2615 1839 2836 1915 honos
2884 1843 3028 1937 est,

363 1863 566 2012 :fiand
606 1937 835 2008 minor
862 1951 1045 2006 erat:
1098 1952 1308 2029 negat
1334 1931 1522 2003 enim
1569 1955 1968 2028 quenquam
2003 1931 2360 2006 hominem
2397 1957 2639 2009 natum
2675 1940 2854 2031 effe,
2905 1942 3031 2037 qui

375 2057 542 2109 eum
576 2029 1045 2104 antecelleret.
1144 2029 1246 2101 Ita
1276 2027 1391 2099 ille
1419 2029 1793 2102 acerrimus
1826 2052 2060 2123 rerum
2094 2030 2320 2127 judex
2354 2030 2791 2106 luculentum
2837 2034 3033 2110 dedit

355 2129 853 2204 -testitnonium
893 2127 957 2199 ei
978 2125 1286 2209 homini,
1332 2125 1455 2221 qui
1479 2145 1678 2198 natus
1704 2145 1845 2199 crat
1868 2125 2152 2222 quidem
2184 2127 2500 2221 omniurn
2525 2128 2867 2216 ultimuS,
2911 2130 3030 2207 sed

360 2245 610 2301 -tamen
657 2224 1016 2300 vaticinari
1070 2243 1229 2296 ante
1266 2228 1574 2319 coeperat
1605 2280 1628 2315 ,
1675 2246 1884 2321 quam
1932 2240 2131 2295 natus
2174 2224 2391 2316 πῆξις
2443 2226 2565 2323 'qui
2617 2225 3033 2324 integritatis

375 2325 732 2419 exemplar
778 2324 951 2407 fuit,
1000 2340 1188 2393 totus
1236 2317 1562 2399 innoxius
1595 2377 1615 2408 ‚
1663 2338 1852 2417 totus
1907 2317 2139 2394 sacer:
2190 2321 2542 2418 denique,
2591 2326 2789 2422 cujus
2837 2326 3026 2423 apud

370 2417 771 2518 sepulcrum
810 2419 1058 2503 Paula,
1104 2415 1396 2491 foemina
1419 2415 1856 2499 sanctissima,
1906 2414 2084 2488 vidit
2110 2419 2462 2519 quondam
2499 2419 2851 2494 daemones
2871 2448 3031 2497 cru-

375 2516 565 2592 ciari‘
666 2517 1117 2615 Hieronymo
1152 2514 1382 2615 enim,
1429 2513 1551 2612 qui
1581 2514 1758 2588 illud
1791 2511 2266 2591 indubitanter
2307 2514 2641 2614 affirmat,
2688 2517 2874 2600 haud
2910 2521 3066 2596 deu

370 2614 683 2717 roganda
710 2613 886 2688 fides
914 2614 1038 2687 est.
2480 2617 2490 2627 '

460 2782 557 2828 21.
608 2768 803 2830 Elium
842 2765 1029 2844 inum]
1124 2763 1316 2829 Extat
1351 2763 1414 2827 in
1456 2762 1665 2828 Mala-
1725 2760 1915 2837 bum,
1957 2785 2102 2829 cum
2139 2765 2376 2832 Isabele
2407 2768 2511 2830 sua
2537 2766 2618 2830 de
2651 2768 2922 2833 exercita
2953 2770 3020 2831 in

372 2846 527 2910 chiae
557 2847 815 2910 oraculo
847 2846 1167 2927 promiffio
1191 2847 1348 2909 Eliae
1383 2864 1524 2908 ante
1554 2846 1664 2908 ad·
1729 2847 1993 2908 Naboth
2050 2847 2362 2910 subditum
2434 2851 2794 2928 Tyrannide
2829 2876 2876 2920 3.
2911 2848 3020 2914 Sic

369 2947 620 2991 ventum
656 2929 941 2992 Domini.
1035 2927 1219 2991 Hanc
1255 2926 1666 3010 Prophetiam
1721 2927 2028 3005 Jobamm
2084 2930 2346 3009 Baptista
2415 2931 2633 2994 eodem
2693 2934 2964 3016 agitatus
2996 2975 3020 3006 ,

367 3008 569 3096 Judaei
602 3032 721 3090 una
749 3032 893 3075 cum
913 3010 1262 3073 Pontificiis
1284 3008 1350 3071 in
1371 3009 1488 3072 hac
1522 3028 1663 3091 par·
1726 3028 1956 3092 magno
1988 3009 2133 3073 zelo
2162 3010 2401 3094 Regem
2435 3017 2718 3076 Herodem
2741 3025 2804 3078 ὅ(
2827 3018 3020 3078 Hero-

365 3087 1662 3257 3}‘iflssssfissffiiffi‘g³3331'502‘sstfl‘333112‘
1722 3095 1945 3258 ‘1‘2‘1‘3‘1'1‘13
1987 3091 2399 3240 3332&ssssssss
2447 3093 3018 3262 Ξῗιέἒωῗέἒᾚέἷ

1434 3217 1455 3248 2
2670 3223 2692 3252 ³

364 3258 463 3322 illi
492 3259 816 3333 Meffiam,
863 3254 1453 3319 hiAnti-Christum
1486 3259 1658 3320 suum
1719 3258 1893 3322 succe
1943 3281 2032 3330 us
2094 3262 2259 3325 Elias
2347 3258 2552 3329 uidem
2592 3281 2834 3344 ereptus
2877 3264 3015 3326 vio*

363 3341 727 3427 Utopicum
762 3340 868 3406 sub
903 3341 1085 3403 finem
1109 3340 1294 3404 seculi
1328 3337 1657 3404 anteceffu-
1716 3339 1919 3405 lentiae
1953 3343 2177 3406 mortis
2209 3389 2228 3416 ‚
2334 3344 2576 3406 ohannes
2629 3344 3014 3422 decollatus,

360 3431 653 3502 rum‚eos
687 3448 762 3490 ue
778 3422 1309 3488 manifestaturum
1326 3424 1652 3488 somniant.
1716 3444 1971 3520 uterque
2002 3427 2065 3489 in
2096 3426 2340 3490 coelum
2373 3427 2761 3493 evehebatur.
2811 3430 3015 3495 ¹Uter-

360 3514 538 3598 Quos
568 3534 631 3576 re
663 3521 871 3575 utatos
916 3504 1056 3571 vide
1088 3507 1254 3591 apud
1310 3509 1417 3571 cit.
1462 3508 1656 3572 Schei·
1715 3529 1833 3592 que
1867 3530 1930 3571 in
1962 3533 2141 3574 eremo
2175 3510 2366 3585 vixit,
2411 3533 2609 3594 parvo
2644 3517 2710 3578 δε
2733 3516 2900 3578 tenui
2923 3515 3015 3580 ci-

355 3595 530 3656 dium.
566 3595 786 3681 differt.
823 3599 926 3658 cit.
952 3607 1098 3675 pag.
1131 3614 1207 3653 m.
1233 3608 1328 3673 31,
1353 3611 1448 3674 32,
1473 3611 1567 3673 33.
1711 3589 1797 3654 bo
1826 3592 1970 3657 vitae
1999 3594 2322 3657 consuluit.
2414 3596 2519 3657 Illi
2562 3597 2735 3660 corvi
2769 3599 3015 3681 prospi-

442 3692 538 3737 22.
581 3678 1046 3757 similitudinem]
1098 3670 1651 3740 Summafimilitu·
1708 3673 1998 3746 ciebant3
2062 3678 2190 3740 Hic
2235 3676 2381 3741 verb
2430 3679 2677 3744 locustis
2716 3687 2782 3747 δε
2829 3680 3017 3745 melle

352 3753 443 3817 do
486 3757 809 3826 intercedit
851 3761 1011 3828 inter
1052 3758 1268 3825 Eliam
1314 3761 1382 3822 &
1420 3759 1649 3821 Iohan-
1707 3756 1979 3840 sylvestri
2012 3759 2389 3824 vescebatur.
2457 3763 2557 3828 Ita
2586 3765 2775 3829 etiam
2807 3760 3014 3850 quoad

353 3858 518 3902 nem.
608 3843 886 3909 Heroico
931 3844 1106 3910 Elias
1139 3839 1206 3907 S.
1246 3840 1520 3905 flammis
1551 3841 1646 3903 in·
1707 3840 2027 3907 vestitum:
2071 3844 2159 3907 uti
2206 3845 2513 3939 eleganter
2568 3844 3013 3913 demonstravit

323 3920 568 3994 -stinctu
613 3925 1079 4012 aggrediebatur
1129 3925 1373 4014 Regem
1430 3924 1645 4034 Acha-
1702 3924 1921 3994 scheid.
1943 3942 2094 4013 pag.
2121 3944 2216 4014 35.
2272 3949 2380 3992 cit.
2412 3928 2639 3998 differt.

790 4059 795 4066 ’
2243 4063 2312 4132 N
2328 4084 2368 4126 n
2386 4084 2427 4128 n
2791 4061 2850 4128 C
2872 4079 2917 4129 Α
2936 4072 3000 4129 1⁸.
