3920 4864
818 397 968 461 '100
1239 376 1411 455 DE
1507 360 3098 457 Rnp‘unnssflnnnionuu

822 508 1163 588 Eusebius
1188 567 1206 594 ,
1256 510 1428 584 nihil
1472 529 1550 586 ut
1586 508 1879 606 amplius
1910 507 2162 580 addere
2199 507 2602 614 cujusquam
2643 480 2844 606 possit
2877 512 3230 587 industria.
3278 512 3475 590 Nam'
3557 473 3561 476 Α
3629 470 3632 473 Δ

826 612 901 685 δί
940 607 1234 682 Davidis
1278 607 1581 701 posteros
1614 630 1736 702 per
1770 623 2044 698 tempus
2078 602 2341 700 oppido
2377 626 2711 699 exiguum
2737 663 2758 696 ‚
2807 605 3023 704 usque
3061 610 3143 680 ad
3190 613 3481 707 captivi·
3577 600 3588 611 ’

829 726 1044 779 tatem
1087 701 1581 800 Babylonieam
1609 756 1630 789 ‚
1689 699 1978 771 tenuisse
2000 721 2296 798 regnum
2320 698 2523 771 docet
2553 725 2568 771 ε
2619 702 2720 792 ὃς,
2744 727 2899 798 quae
2933 703 3261 776 dicuntur
3283 708 3486 778 iden-

772 850 780 858 ·
835 803 1051 876 tidem
1089 800 1179 872 de
1211 819 1473 871 aeterno
1506 796 1653 893 ejus
1683 792 1853 866 solio
1874 851 1897 885 ‚
1944 793 2121 867 bene
2143 815 2351 892 atque
2387 794 2721 895 sapienter
2755 799 2838 869 ad
2876 797 3183 870 Meffiam
3209 802 3478 892 retulit.

839 900 976 974 Sed
1016 896 1104 969 de
1146 895 1248 966 his
1285 891 1437 990 post
1474 890 1851 964 Eusebium
1884 889 2086 987 plura
2119 892 2350 963 dicere
2393 949 2415 982 ‚
2468 892 2766 966 hominis
2804 891 2885 965 sit
2937 892 3185 966 frustra
3235 894 3478 969 seduli.

836 998 943 1070 lta
974 992 1160 1067 enim
1194 988 1313 1063 ille
1344 985 1718 1062 defunfflms
1753 986 1882 1060 hae
1916 1012 2084 1061 eura
2115 987 2254 1077 est,
2303 989 2407 1060 uti
2438 989 2677 1061 otium·
2701 989 3028 1063 omnibus
3061 988 3325 1064 fecerit.
3387 992 3480 1066 In

837 1091 984 1165 fine
1018 1086 1222 1161 restat
1253 1105 1334 1160 ut
1367 1084 1503 1157 illis
1537 1083 2047 1169 solicitudinem
2081 1083 2438 1157 demamus
2477 1141 2499 1174 ‚
2546 1085 2667 1182 qui
2710 1085 3149 1159 mirabuntur
3182 1088 3350 1185 quid
3391 1088 3487 1159 ita

839 1181 991 1259 sero
1027 1203 1318 1257 eventus
1351 1179 1688 1254 exstiterit
1718 1179 2028 1252 vaticinii
2065 1237 2088 1273 ‚
2156 1180 2347 1278 quod
2387 1181 2742 1277 proditum
2781 1182 2867 1253 de
2905 1183 3144 1276 Judaea
3181 1182 3491 1281 republi-

843 1306 921 1354 ca
940 1279 1060 1355 est.
1109 1279 1440 1353 Diximus
1461 1277 1646 1350 enim
1671 1275 1796 1349 sub
1833 1275 2216 1349 Roboamo
2251 1275 2532 1349 demum
2573 1276 2854 1373 coepisse
2889 1302 3063 1350 eam.
3099 1279 3248 1371 *Sed
3274 1279 3489 1352 sciant

847 1375 995 1468 illi,
1041 1400 1129 1448 ne
1164 1375 1301 1447 hoc
1387 1373 1621 1447 uidem
1660 1391 1912 1470 praeter
1948 1373 2123 1445 vatis
2159 1391 2464 1444 mentem
2503 1368 2725 1445 fuiss'e.
2788 1372 3077 1470 Qippe
3113 1373 3296 1448 filios
3335 1376 3494 1449 suos
3529 1439 3534 1447 .

847 1470 1307 1548 moribundus
1370 1494 1549 1543 enex
1583 1486 1974 1543 extremum
2013 1467 2444 1542 aliocuturus
2469 1524 2492 1558 ‚
2513 1468 2695 1541 velle
2715 1467 2781 1540 se
2802 1467 2933 1541 iuis
2956 1469 3343 1577 significare
3372 1473 3495 1563 ait,

849 1597 976 1667 que
1015 1572 1451 1656 eventumstnt
1485 1572 1552 1635 in
1590 1563 1806 1635 diebus
1836 1565 2179 1658 nowffimis.
2219 1640 2224 1653 ‚
2277 1563 2467 1638 Dein
2505 1566 2576 1638 δε
2615 1565 2790 1638 illud
2847 1567 3291 1640 meminerint
3328 1623 3350 1653 ‚
3418 1568 3498 1642 in

851 1664 1147 1739 oraculis
1181 1663 1364 1736 haud
1401 1659 1673 1735 curiose
1710 1660 1876 1734 vesti
1931 1662 2029 1733 ari
2064 1677 2377 1758 tempora
2409 1681 2753 1758 oportere.
2803 1663 3143 1760 Pleraque
3175 1663 3364 1736 enim
3388 1665 3499 1738 in-

793 1826 797 1830 .
854 1755 1620 1860 terpretandalatiflime
1656 1756 1837 1831 sunt.
1959 1757 2024 1829 el
2061 1781 2223 1830 ecce
2240 1757 2330 1828 -in
2370 1757 2504 1831 hoc
2540 1756 2689 1855 ipso
2723 1758 3083 1842 uaticinio,
3131 1783 3293 1831 cum
3319 1760 3499 1833 dici-

855 1878 973 1932 tur
998 1913 1022 1947 ‚
1061 1883 1180 1926 non
1200 1854 1518 1951 ficblasum
1551 1860 1635 1924 iri
1647 1855 1951 1950 fieptrum
1981 1911 2000 1938 ,
2050 1854 2410 1950 priusquam
2446 1860 2686 1923 venerit
2718 1859 2840 1923 Silo
2875 1911 2895 1941 ,
2992 1868 3141 1928 ures
3180 1855 3359 1928 illud
3407 1854 3494 1928 fi-

855 1953 1171 2055 gnificari
1197 2009 1221 2043 ‚
1259 1950 1484 2024 statim
1519 1974 1680 2024 cum
1715 1953 2109 2048 apparuerit
2135 1947 2543 2023 mortalibus
2576 1949 2846 2024 Meffias
2870 2008 2892 2041 ‚
2956 1975 3076 2023 ore
3111 1970 3190 2023 ut
3224 1951 3310 2024 de
3350 1978 3499 2025 ma-

857 2050 1065 2123 nibus
1120 2053 1510 2123 excutiatur
1563 2044 1907 2145 sceptrum
1964 2047 2158 2145 genti
2208 2045 2341 2117 isti.
2439 2045 2659 2140 Qod
2713 2044 2918 2144 plane
2978 2046 3165 2119 secus
3219 2049 3496 2121 accidit.
3617 2082 3653 2129 μ

858 2147 1042 2221 Non
1076 2146 1261 2219 enim
1301 2142 1671 2217 amiserunt
1708 2143 1782 2216 id
1819 2143 2030 2217 decus
2066 2141 2290 2238 Judaei
2319 2197 2342 2231 ‚
2391 2139 2512 2214 nifi
2553 2141 2916 2240 postquam
2944 2199 2966 2233 ,
2995 2143 3234 2216 .excifa
3276 2144 3452 2217 urbe
3475 2201 3503 2236 ,

858 2242 1280 2338 incensoque
1314 2239 1624 2349 templo,
1671 2264 1815 2313 rem
1871 2238 2017 2311 ubl.
2055 2240 2355 2336 aliquam
2394 2237 2646 2312 habere
2681 2234 2867 2312 suam
2907 2297 2925 2324 ‚
2973 2236 3178 2336 seque
3219 2238 3352 2313 suis
3394 2265 3504 2313 re-

860 2363 1028 2439 gere
1063 2336 1334 2437 legibus
1366 2336 1787 2410 desiverunt.
1924 2359 2102 2457 eque
2136 2353 2502 2435 propterea
2533 2332 2758 2408 defuit
2798 2335 3083 2408 oraculo
3120 2334 3506 2409 fnfallibilis

862 2437 1139 2511 veritas.
1215 2431 1368 2507 Etsi
1401 2434 1588 2516 enim
1624 2432 1746 2508 diu
1785 2455 1943 2507 ante
1986 2458 2026 2507 e
2060 2434 2258 2506 terris
2292 2431 2663 2506 excesterat
2697 2455 2926 2506 rerum
2967 2429 3140 2503 salus
3181 2430 3502 2518 Messias‚

864 2530 1222 2629 contigisse
1262 2544 1494 2602 tamen
1538 2530 1685 2603 haec
1726 2529 1872 2626 ejus
1911 2549 2126 2603 aetate
2158 2526 2446 2601 constat.
2543 2528 2735 2602 Mihi
2777 2530 3061 2628 quidem
3099 2525 3509 2625 fignificasse

862 2629 1041 2701 illud
1065 2624 1347 2723 publica
1370 2649 1557 2698 „voce
1595 2624 1777 2697 visus
1809 2624 2077 2723 semper
2113 2624 2250 2723 ipse
2289 2621 2560 2697 Messias
2595 2623 2732 2708 est,
2782 2647 2943 2696 cum
2983 2624 3069 2704 de
3114 2622 3305 2695 urbis
3326 2641 3506 2695 tem-2

858 2723 1104 2820 piique
1137 2716 1503 2792 eversione
1526 2720 1599 2791 in
1638 2718 1828 2792 hunc
1850 2722 2142 2794 modum
2179 2718 2340 2791 infit
2362 2775 2385 2809 ,
2429 2721 2518 2810 μη·
2549 2719 2810 2813 παρέλθῃ
2846 2718 3019 2808 flunt>
3035 2717 3188 2788 αὕτη
3210 2773 3232 2808 ,
3280 2715 3510 2817 μέχρις

776 2838 783 2854 ”
868 2815 910 2890 ἔ
946 2809 1130 2898 nain&
1159 2808 1349 2885 wd'ru
1381 2813 1628 2905 stolum·
1675 2840 1785 2883 non
1805 2814 2081 2906 transibit
2111 2814 2227 2884 haec
2250 2833 2410 2905 aetas,
2463 2817 2783 2910 riusquam
2798 2817 2984 2909 sabla
2995 2817 3120 2906 stnt
3140 2813 3256 2883 haec
3275 2824 3506 2906 omnia.

865 2915 1052 2994 Haec
1090 2907 1240 2984 satis
1271 2930 1477 2984 erunt
1514 2907 1714 3008 bonis
1748 2909 2183 3009 cordatisque
2221 2913 2412 2985 omni
2467 2935 2567 2983 us.
2611 2906 2928 2984 Caeteros
2948 2935 3091 2982 non
3112 2935 3514 3000 moramur,

872 3009 1128 3112 quibus
1167 3005 1518 3081 haefitandi
1553 3005 1751 3081 causa
1784 3006 2052 3106 ubique
2087 3005 2204 3081 est.
2251 3006 2604 3105 Equidem
2631 3063 2653 3098 ‚
2701 3008 2822 3106 qui
2846 3009 3031 3081 viros
3051 3007 3518 3082 maximosin·

872 3109 1074 3184 certis
1111 3104 1226 3179 hic
1260 3103 1598 3179 flu&uare
1631 3100 1980 3178 erroribus
2015 3102 2379 3177 cernebam
2401 3161 2420 3189 ‚
2467 3104 2561 3177 ita
2663 3104 2806 3179 ravi
2829 3125 3089 3179 memet
3115 3104 3338 3203 ipsum
3369 3163 3392 3198 ,
3413 3105 3518 3180 uti

870 3205 1203 3376 quiddam
1243 3222 1515 3277 certum
1551 3220 1860 3275 tenerem
1887 3260 1910 3294 ‚
1958 3203 2151 3299 quod
2181 3199 2504 3308 deinceps
2547 3129 2691 3310 (iiie
2726 3200 3040 3300 periculo
3087 3224 3320 3275 tuere-r
3348 3227 3520 3276 con·
3635 3219 3642 3222 ’

869 3299 1295 3472 danfflffime.
1341 3299 1660 3399 Persaepe
1695 3298 1883 3378 enim
1915 3321 1997 3402 ea
2030 3323 2136 3376 res
2172 3297 2248 3376 in
2267 3296 2469 3374 hsce
2502 3296 3008 3385 libris'nostros
3046 3299 3345 3400 impetus
3382 3318 3518 3371 tat-

919 3419 1001 3474 av
1085 3416 1178 3471 et.
3013 3423 3056 3452 <

3251 4104 3518 4191 Car.
