3920 4864
860 377 1026 472 ²80..
1280 384 1454 461 Da
1548 341 2131 456 Rnrbizssi
2221 346 3183 460 nesta-foxum·
3516 479 3525 486 .

852 515 1107 617 opibus
1148 509 1290 587 est:
1342 507 1455 583 sed
1492 509 1707 608 coepti
1753 506 2123 582 difficultas
2161 531 2252 582 ex
2292 530 2539 583 natura
2569 509 2717 584 loci·
2752 508 2889 584 finit
2931 537 2950 584 ε
3018 509 3283 610 quippe
3318 514 3537 590 condi

862 636 1013 687 eam
1033 611 1252 686 aedem
1278 607 1347 680 in
1371 605 1655 706 palustri
1691 603 1854 677 solo·
1869 604 2176 714 placuit,
2226 629 2313 679 ne
2334 603 2859 682 terrae'motibus
2900 627 3340 706 quateretur.
3392 613 3540 685 Va-

867 706 1215 784 niffimum
1243 703 1350 777 est
1384 760 1406 795 ,
1472 704 1547 775 &
1589 701 1901 796 exibilari
1939 698 2147 774 debet
2180 759 2199 788 ,
2275 702 2465 801 quod
2499 701 3057 802 RabbiEliezet
3093 701 3165 775 in
3208 705 3551 804 capitulis·
3600 727 3611 742 ³

869 806 1004 878 suis
1039 805 1130 877 eit
1167 796 1526 875 communi
1581 796 1989 891 Judaeorum
2034 797 2367 895 opinione
2408 790 2717 897 prodidit
2752 856 2778 893 ,
2838 817 3151 870 montem
3188 853 3210 888 ,
3272 801 3347 874 in
3384 828 3533 900 quo

869 901 1052 977 aedes
1085 893 1661 994 Jerosolymitana
1701 890 1933 985 stetit,
1982 893 2173 967 hunc
2216 892 2439 994 ipsum
2472 893 2606 969 ess’e
2638 951 2660 986 ,
2707 894 2781 967 in
2816 917 2959 989 quo
2996 895 3260 990 primus
3300 897 3545 971 homi-⁴
3632 931 3645 940 ·

875 1011 1046 1072 num
1082 1015 1328 1093 patens
1351 1001 1398 1032 ¹¹
1437 990 1750 1064 Adamus
1785 988 1970 1066 iacta
2002 987 2215 1066 fecit:

876 1245 1022 1324 stius
1038 1258 1338 1325 strueturae
1367 1302 1386 1330 ,
1428 1277 1615 1342 quam
1644 1274 1782 1322 tota
1799 1251 1949 1323 fecit
1982 1247 2129 1322 ‘Afia
2146 1300 2169 1332 ,

877 1342 1062 1427 elapsi
1097 1346 1250 1408 sunt.
1312 1342 1554 1407 Verum
1595 1339 1670 1406 de
1702 1340 1822 1405 hoc
1848 1337 2172 1414 audiamus

823 1483 834 1494 ,
879 1428 1131 1490 Plinium
1163 1428 1260 1490 lib.
1280 1443 1502 1489 xxxv1.
1533 1441 1661 1519 cap.
1684 1441 1838 1487 x1v.
1860 1439 2008 1507 pag.
2031 1437 2168 1499 716.

803 1533 804 1538 ¹
877 1511 1100 1572 Natur.
1135 1510 1326 1592 histor.
1387 1508 1866 1593 Magnificentiae
1900 1508 2174 1573 admira-

880 1591 977 1656 t'io
1009 1612 1176 1656 extat
1213 1636 1235 1666 ‚
1290 1592 1597 1674 templum
1637 1591 1695 1656 E
1743 1587 1910 1655 hefiae
1947 1590 2172 1655 Dianoe

881 1673 1164 1738 ducentis
1215 1675 1276 1736 vi
1323 1675 1434 1736 inti
1475 1672 1649 1737 annis
1721 1672 1927 1736 aetum
1960 1670 1995 1735 a
2042 1692 2176 1736 tota

887 1755 1055 1819 Asta.
1103 1757 1177 1817 In
1205 1757 1270 1817 so
1298 1774 1560 1819 oautem
1594 1753 1845 1836 palustri
1860 1750 2137 1817 fecerunt
2156 1797 2177 1828 ,

885 1858 962 1902 ne
992 1853 1171 1901 terrae
1207 1857 1415 1900 motus
1445 1838 1690 1900 sentiret
1725 1855 1830 1899 aut
1862 1835 2067 1899 hiatus
2096 1836 2176 1898 ti-

886 1925 1103 1982 meret.
1152 1919 1384 1984 Rursus
1411 1940 1484 1984 ne
1516 1920 1577 1982 in
1606 1918 1850 1983 lubrico
1882 1925 2067 2004 atque
2086 1918 2178 1980 in-

886 2001 1095 2066 stabili
1124 1999 1524 2068 fundamenta
1553 2021 1740 2067 tantae
1789 2002 1977 2065 molis
2009 2001 2181 2065 loca-

789 2083 798 2096 *
889 2105 1098 2150 rentur
1112 2132 1144 2161 ,,
1179 2086 1436 2151 calentis
1468 2084 1926 2149 ea‘substravere
1958 2083 2181 2149 carbo-

890 2169 1070 2233 nibus
1098 2177 1119 2243 3
1174 2167 1390 2234 deinde
1422 2168 1747 2233 velleribus
1785 2168 1962 2246 lanae,
2010 2167 2182 2232 Uni-

892 2255 1067 2315 verso
1113 2252 1356 2334 templo
1401 2248 1725 2335 longitudo
1762 2249 1844 2316 est
1891 2248 2181 2334 quadrin-

894 2353 1221 2419 gentorum
1258 2333 1758 2428 vigintiquinque
1789 2331 2049 2417 pedum:
2093 2332 2183 2396 la-

892 2415 1101 2481 titudo
1129 2417 1531 2481 ducentorum
1561 2416 1780 2502 viginti
1810 2438 1825 2479 :
1883 2416 2185 2481 columnae

892 2520 1141 2565 centum
1190 2502 1409 2587 viginti
1451 2503 1683 2583 septem
1715 2496 1750 2563 ὲ
1781 2498 2025 2585 singulis
2059 2498 2186 2563 Re-

941 2582 1075 2647 ibus
1104 2580 1319 2657 fastoe,
1362 2584 1673 2669 sexaginta
1708 2580 1935 2667 pedum
1971 2582 2185 2645 altitu-

893 2604 1081 2740 fiine,
1137 2688 1209 2730 ex
1243 2664 1455 2730 iisdem
1489 2666 1747 2751 triginta
1776 2669 1874 2729 sex
1908 2664 2144 2729 caelatoe
2164 2690 2187 2737 ,·

839 2774 867 2784 ·
896 2769 1017 2811 una
1050 2744 1083 2810 a
1116 2745 1325 2830 Scopa
1356 2769 1374 2809 t
1433 2749 1634 2831 Operi
1666 2745 1915 2830 praefuit
1947 2745 2185 2813 Chersi-

895 2830 1104 2913 phron
1119 2828 1504 2896 architectus.
1545 2826 1807 2893 Summa
1840 2828 2143 2891 miracula
2164 2873 2185 2901 ,

896 2910 1181 2997 epistylia
1225 2930 1413 2975 tantae
1450 2911 1637 2975 molis
1666 2910 1876 2973 attolli
1906 2908 2184 2994 potuisse.

897 2993 979 3061 ld
1009 2994 1415 3067 memorabile
1454 2992 1537 3057 est
1563 3039 1591 3069 7,
1651 2990 1818 3078 quod
1862 2993 2188 3077 in·te1npli

896 3079 1114 3144 limine
1129 3125 1150 3155 ,
1170 3077 1335 3164 quod
1351 3074 1586 3142 foribus
1604 3075 2027 3161 impendebat,
2044 3097 2188 3139 cum

899 3165 1179 3229 maxima
1210 3162 1295 3226 ibi
1314 3159 1453 3226 esset
1471 3159 1906 3225 consternenda
1924 3165 1991 3225 δε
2012 3180 2188 3223 com-

899 3245 1205 3343 pingenda
1237 3245 1434 3310 moles
1465 3242 1832 3309 architeElus
1865 3240 2093 3307 sederet
2126 3244 2187 3305 in

2265 1009 2475 1090 atque
2496 988 2755 1066 ibidem
2779 1014 2947 1064 mox
2968 989 3274 1063 Abelum
3296 1048 3318 1079 ‚
3364 991 3529 1066 Cai-
3618 1029 3621 1032 ¹

2888 1129 2891 1136 ·
3100 1105 3107 1114 ‘
3330 1113 3540 1164 num-

2319 1259 2441 1324 Nec
2473 1260 2666 1354 frivie
2678 1258 2888 1343 templo
2905 1257 3099 1321 molles
3111 1257 3415 1323 laudentur
3433 1259 3530 1326 bo-

2471 1364 2653 1405 nores.
2854 1375 2867 1384 ν

2246 1422 2385 1489 Ubi
2414 1443 2525 1508 per
2574 1426 2762 1489 moves
2807 1427 3042 1488 honores
3087 1445 3212 1488 non
3241 1424 3530 1511 intelligi·

2245 1527 2380 1570 mus
2408 1528 2482 1571 ac
2510 1505 2551 1570 fi
2588 1507 2653 1570 in
2683 1506 2797 1572 isto
2828 1507 3068 1591 templo
3105 1495 3333 1573 fuerint
3374 1509 3535 1576 mul-

2243 1610 2311 1654 ta
2340 1609 2707 1655 ornamenta
2737 1587 2819 1654 ad
2852 1591 3063 1653 luxum
3099 1595 3168 1655 δε
3201 1590 3535 1656 mollitiem

2246 1672 2490 1754 potius,
2581 1669 2727 1735 uam
2741 1670 2822 1737 ad
2842 1671 3085 1737 aedificii
3118 1671 3379 1736 solidam
3401 1674 3533 1737 lau-

2244 1747 2386 1818 dem
2445 1756 2547 1837 spe
2611 1755 2780 1818 antia
2809 1777 2825 1816 ε
2868 1754 3004 1818 'sed
3053 1776 3197 1818 cum
3262 1756 3536 1840 Georgio

2246 1836 2492 1901 Merula
2526 1836 2746 1900 molles
2785 1837 3048 1920 honores
3086 1837 3423 1919 accipimus
3466 1840 3532 1901 iu
3586 1909 3601 1922 x

2244 1919 2850 1984 commendationem
2867 1940 3001 1984 tam
3015 1920 3313 1983 artificum
3318 1941 3532 2003 ,quam

2244 2002 2579 2067 statuarum
2606 2047 2629 2077 ‚
2697 2024 2830 2086 quae
2866 2003 2929 2065 in
2969 2000 3208 2086 templo
3249 2004 3534 2087 magnifi-

2248 2087 2581 2149 centiffime
2614 2085 2876 2150 stabant.
2943 2083 3097 2148 vid.
3140 2086 3340 2166 Auget.
3376 2088 3538 2150 Poli-

2248 2174 2395 2233 tian.
2428 2187 2480 2232 ι’.
2528 2185 2627 2244 51.
2670 2170 2909 2251 Mat-cll.
2953 2173 3019 2233 &
3063 2170 3273 2241 Radcr.
3319 2172 3403 2231 ad
3435 2168 3541 2232 hoc

2251 2254 2458 2335 Epigr.
2496 2269 2607 2315 nec
2652 2270 2776 2313 non
2807 2250 3094 2314 Salmutb.
3124 2252 3206 2312 ad
3228 2253 3535 2316 panciroll.

2242 2349 2409 2416 part.
2443 2349 2496 2396 1.
2538 2338 2635 2395 tit.
2680 2337 2769 2416 31.
2789 2348 2936 2416 pag.
2966 2349 3097 2407 107.

2334 2432 2423 2480 11.
2466 2417 2536 2478 In
2575 2438 2682 2499 quo
2708 2423 2934 2500 primus
2974 2417 3257 2481 hominum
3288 2431 3503 2500 parens

2254 2498 2530 2563 Rabbini
2545 2498 2811 2564 statuunt
2845 2501 3101 2563 Mariam
3129 2519 3407 2563 montem
3428 2523 3459 2566 e
3504 2524 3539 2565 e

2253 2582 2427 2646 illum
2445 2582 2654 2645 locum
2674 2608 2695 2655 3
2736 2582 2843 2645 ubi
2860 2583 3096 2665 primus
3111 2581 3306 2647 bomo
3324 2582 3536 2647 Adam

2248 2667 2423 2729 sacra
2450 2661 2705 2738 fecerit,
2743 2665 2905 2729 Cain
2936 2670 3003 2730 &
3039 2663 3206 2730 Abel
3235 2666 3559 2749 sacrifica-x

2254 2748 2451 2812 verint
2469 2791 2491 2821 ‚
2539 2751 2667 2813 &c.
2715 2748 2815 2810 Ita
2835 2746 3047 2813 Rabbi
3076 2749 3311 2811 Eliezer
3328 2754 3385 2811 in
3403 2750 3537 2811 Pir·

2254 2830 2316 2890 ke
2345 2846 2472 2912 cap.
2508 2847 2684 2893 xxxlr.
2729 2828 2805 2894 de
2845 2829 3223 2895 Tentatione
3251 2829 3535 2895 Abraha-

2255 2911 2342 2975 mi
2372 2912 2658 2995 loquens:
2701 2914 2920 2976 Statim
2950 2932 3016 2976 at
3064 2934 3147 2995 ue
3168 2912 3538 2979 devenerunt

2254 2992 2332 3057 ad
2373 2982 2553 3057 illum
2593 2995 2844 3068 locum,
2889 3016 3038 3059 mon
3092 2997 3252 3065 ravit
3286 2993 3539 3062 Sanetus

2252 3076 2600 3141 benedictus
2633 3077 3004 3142 Abrahamo
3033 3075 3236 3162 digito
3265 3077 3538 3165 dixitque

2254 3160 2381 3223 ills:
2432 3158 2577 3223 Hoc
2610 3161 2692 3225 est
2729 3161 2924 3225 altare
2957 3205 2978 3234 ,
3018 3160 3140 3224 hoc
3174 3162 3426 3247 inquam
3457 3163 3539 3227 est

2254 3243 2486 3316 altare,
2526 3244 2591 3305 in
2625 3264 2749 3329 quo
2779 3244 3015 3329 primus
3032 3244 3225 3308 homo
3244 3246 3401 3309 olim
3426 3245 3538 3310 ob-

897 3332 1092 3394 cubili
1137 3330 1350 3394 anxius
1390 3329 1620 3392 animo,
1709 3324 1938 3391 Tradit
1983 3338 2191 3389 autem
2253 3326 2443 3390 tulit:
2518 3326 2665 3390 Hoc
2698 3324 2778 3390 est
2816 3326 3011 3391 altare
3041 3326 3194 3390 illud
3231 3372 3249 3399 ,
3323 3328 3386 3390 in
3420 3350 3543 3412 quo

899 3410 1123 3477 artifex
1169 3413 1232 3474 in
1280 3435 1353 3476 ea
1399 3411 1786 3497 cogitatione¹
1829 3406 2045 3481 fessum
2077 3429 2188 3471 no·
2252 3408 2616 3472 sacrificium
2649 3408 3005 3474 obtulerunt
3037 3409 3195 3471 Cain
3240 3413 3303 3475 &
3334 3410 3540 3475 Abel.

900 3496 1117 3571 §turno
1147 3514 1428 3577 tempore
1463 3492 1524 3557 in
1554 3496 1757 3589 quiete
1787 3489 2007 3556 vidisse·
2030 3505 2189 3635 [ἐκέ
2259 3492 2404 3557 Hoc
2432 3500 2557 3577 quo
2603 3513 2677 3557 ue
2705 3491 2828 3566 est3
2871 3492 2934 3554 in
2961 3512 3082 3576 quo
3102 3490 3288 3567 Noah
3321 3495 3387 3553 δι’
3423 3490 3539 3553 filii

897 3579 1128 3640 sentem
1160 3577 1368 3639 Deam
1408 3618 1429 3647 ,
1486 3596 1583 3639 cm
1615 3574 1920 3660 templum
1966 3574 2039 3637 fie
2088 3594 2189 3648 at,
2256 3576 2380 3656 ejus
2410 3576 2563 3639 sacri
2610 3592 2824 3639 carunt
2857 3618 2878 3647 ,
2931 3591 3113 3657 prout
3148 3570 3541 3663 dicituttht

901 3658 1256 3723 hortantem
1293 3677 1356 3721 ut
1391 3657 1654 3723 viveret:
1697 3662 1755 3723 se
1787 3654 2189 3742 composuisse
2256 3659 2523 3725 extruxit
2552 3658 2726 3720 Noab
2756 3659 2948 3720 altare
2976 3658 3215 3719 Do'mino
3246 3698 3265 3727 ,
3322 3677 3431 3717 non
3453 3652 3546 3738 fic

899 3738 1209 3839 lapidem:
1252 3759 1435 3823 atque
1466 3741 1552 3803 ita
1589 3742 1832 3825 postero
1865 3741 1966 3806 die
1995 3758 2189 3824 appa·
2236 3743 2527 3824 seriptum
2555 3740 2663 3822 est,
2688 3742 2834 3824 fid:
2877 3739 3186 3820 Exstruxit
3222 3737 3397 3801 Noab
3428 3755 3541 3803 ῐἾκ

896 3843 1019 3890 ruit
1062 3820 1447 3915 pondereque
1497 3824 1515 3884 i
1567 3826 1631 3887 so
1668 3825 1977 3888 correstus
2018 3823 2187 3888 vide-
2253 3840 2454 3888 mma
2497 3826 2647 3887 illud
2669 3826 2860 3886 altare
2893 3865 2914 3895 ,
2972 3826 3032 3884 in
3070 3824 3187 3903 quo‘
3190 3822 3329 3904 scil.
3348 3827 3544 3904 primi

895 3908 1099 3972 batu‘r.
1148 3905 1355 3967 Multa
1389 3920 1450 3967 m
1481 3904 1499 3965 i
1543 3922 1596 3969 *o
1631 3908 1872 4000 templo
1889 3914 2063 3969 erant
2084 3924 2185 3969 or·
2234 3909 2343 3987 stu
2366 3909 2549 3990 prtsti
2572 3907 2895 3983 obtulerunt
2926 3927 2945 3973 3
3011 3902 3113 3981 Ita
3146 3904 3342 3975 etiam

3382 3906 3544 3973 Mat-

896 3992 1186 4057 {tamenta
1213 3983 1507 4071 stupendo
1541 3986 1808 4050 artificio
1822 3985 2182 4053 fabrefacta.
2255 3992 2460 4052 monid.
2495 3995 2555 4051 in
2603 3988 2851 4073 Misi-bn.
2906 3990 2963 4050 8.
3014 3986 3191 4063 τνὰἔῖ,
3233 3982 3300 4048 Δὶ·
3327 3989 3545 4069 Templ?¹

891 4075 994 4231 ge
1027 4072 1247 4225 filuiBus
1293 4070 1572 4138 Mareiat.
1617 4072 1823 4153 Epigr.
1861 4084 1915 4136 1.
1952 4074 2019 4134 de
2047 4072 2193 4155 Spa,

951 4182 1056 4226 acu
1082 4205 1102 4225 .
1189 4172 1210 4183 “
1265 4196 1270 4201 ·
1575 4166 1615 4178 ··
1719 4168 1722 4171 ·
1879 4166 1930 4180 ·‘

2253 4094 2301 4131 c.
2342 4085 2430 4133 11.
2447 4073 2594 4152 fier.
2632 4090 2691 4135 2.
2736 4070 2906 4151 cujus
2939 4068 3129 4134 verba
3166 4068 3431 4155 Anglice
3453 4066 3548 4134 ife-

2254 4155 2452 4219 censet
2468 4153 2713 4240 Anglus
2749 4156 2989 4223 fflnric.
3008 4134 3353 4239 Aihsworfh.
3384 4152 3553 4214 com..⁴

3390 4255 3564 4305 ment.
