3920 4864
1191 364 1269 443 L
1311 393 1341 441 1
1386 393 1453 442 n.
1543 364 1621 441 1:
1754 360 1824 439 C
1869 384 1924 439 Α
1970 363 2038 440 P}
2131 360 2344 442 XII.
2902 361 3060 461 '105

390 492 645 571 ficibus
674 490 894 592 usque
923 487 1009 565 ad
1038 509 1418 567 extremam
1447 487 1709 584 judaeae
1744 486 2240 564 desolationem
2275 486 2413 562 fuit
2445 482 2838 583 mansitque·
2869 484 2941 560 in
2963 511 3043 560 ea

399 593 612 678 urbe,
661 616 817 690 quae
850 582 1211 662 sanctuarii
1239 589 1426 662 sedes
1467 608 1673 685 atque
1716 585 1811 659 rei
1865 586 2116 661 ublicae
2153 612 2276 659 arx
2315 583 2503 659 ess‘et.
2553 584 2689 658 Sed
2711 582 3046 681 quoniam
3086 587 3099 599 ⁰

399 688 624 786 prima
666 707 979 785 tempora
1010 742 1031 776 ‚
1079 687 1395 783 proxima
1447 710 1539 759 ue
1580 683 1753 766 illis,
1829 682 2018 755 erme
2052 681 2342 756 obscura
2377 681 2536 754 sunt
2566 736 2589 771 ,
2638 681 2711 754 &
2751 680 2839 751 de
2871 680 3046 753 urb'e

399 786 548 859 Silo
592 783 767 875 nihil
797 780 1150 881 praecipue
1192 781 1363 855 scitu
1456 782 1698 877 ignum
1745 776 1929 852 sacer
1958 778 2181 863 codex
2218 778 2573 876 prodidit,
2621 802 2781 859 nos,
2840 777 3047 873 quale

396 881 468 954 id
507 879 904 977 synedrium
944 879 1014 950 in
1049 878 1325 950 civitate
1360 875 1672 975 principe
1710 873 2137 971 Jerosolyma
2188 873 2399 949 fuerit
2434 932 2452 959 ‚
2499 873 2867 971 postquam
2916 895 3044 945 ex-

397 979 712 1051 tructum
747 976 893 1049 illic
938 974 1282 1083 ternplum
1323 973 1423 1046 est
1455 1030 1478 1064 ‚
1542 996 1633 1045 ex
1689 970 2094 1065 Judaeorum
2141 969 2619 1044 observatione
2666 968 3040 1043 trademus.

398 1074 587 1150 Mox
614 1073 703 1147 de
738 1071 1003 1147 caeteris
1037 1072 1310 1145 dicetur
1345 1068 1659 1143 conciliis
1683 1125 1707 1159 ,
1751 1092 1911 1165 quae
1951 1067 2066 1140 vel
2096 1064 2548 1163 Jerosolymae
2587 1122 2610 1158 ,
2655 1065 2773 1139 vel
2815 1066 3046 1236 ig'gr‘

2889 1190 2910 1236 1
2965 1188 3045 1237 us

400 1320 728 1385 Hermam·
757 1319 1053 1403 conringii
1075 1322 1145 1384 de
1172 1318 1405 1402 Republ.
1439 1316 1690 1381 Ebraica
1750 1311 2115 1382 sanctuario
2145 1334 2279 1381 erat
2312 1359 2335 1390 ,
2400 1319 2469 1383 &
2511 1309 2853 1378 vocabatur
2884 1308 3044 1378 San-

400 1411 466 1475 ς.
504 1414 605 1487 37.
642 1403 731 1467 ita
764 1404 1086 1468 scribentis
1118 1425 1135 1465 ε
1197 1402 1566 1484 Verifimilius
1596 1406 1688 1463 vi·
1750 1399 1965 1465 hedrin
1985 1401 2082 1464 Μ.
2105 1401 2417 1464 Numerus
2435 1396 2689 1463 illorum
2704 1415 2836 1461 erat
2856 1412 3035 1459 [χιι.

396 1491 568 1550 detur
600 1530 622 1560 ,
673 1488 1003 1569 Synedrium
1034 1489 1128 1549 Μ.
1156 1487 1403 1568 'aliquod
1423 1483 1688 1565 constitu-

1751 1485 1876 1570 Qi
1893 1482 2187 1569 grandior
2218 1482 2514 1568 sapientia
2555 1497 2810 1544 caeteros
2825 1498 3041 1545 omnes
3114 1534 3122 1541 .
3159 1486 3172 1499 '

395 1585 525 1632 tum
552 1572 772 1632 demum
816 1592 843 1629 e
891 1593 919 1629 e
952 1570 1078 1653 post
1122 1575 1529 1651 captivitatem
1567 1567 1685 1629 Ba-

398 1653 713 1736 bylonicum
728 1696 748 1725 ,
907 1654 1127 1736 quidem
1159 1652 1409 1714 maxim&
1439 1650 1685 1732 Hasmo-

397 1756 646 1797 naeorum
672 1751 922 1818 tempore
956 1780 978 1808 ,
1015 1739 1181 1818 idque
1216 1736 1298 1797 ad
1321 1736 1554 1819 effigiem
1583 1735 1682 1795 Se-

396 1823 577 1880 natds
607 1820 652 1910 ὰ.
675 1817 1011 1901 Jofiprato
1057 1822 1206 1898 Rege
1243 1817 1379 1879 olim
1416 1814 1683 1896 compost-

257 1920 272 1938 ·
401 1906 454 1962 ti
484 1944 504 1973 ‚
562 1922 717 1980 etqus
746 1903 836 1983 fit
874 1906 1078 1963 mentio
1117 1908 1176 1963 in
1215 1902 1682 1980 Paralipomem’s.

396 1984 451 2042 C
449 1981 774 2060 onstitutum
805 1989 960 2046 cert?
1000 1985 1328 2067 Synedriurp
1357 1984 1574 2043 demum
1604 1983 1688 2062 qs-

381 2065 457 2148 fi
493 2107 514 2137 ,
568 2085 677 2147 quo
705 2080 953 2148 tempore
984 2067 1188 2129 Grecae
1214 2067 1413 2147 lingue
1447 2066 1571 2147 ustas
1600 2069 1687 2127 in-

401 2163 497 2210 ter
522 2149 669 2230 ipfhs
697 2147 935 2228 Judaeos
954 2148 1088 2229 jam
1118 2150 1449 2211 invaluerat
1481 2190 1501 2219 ,
1565 2148 1689 2229 ipsa

402 2250 526 2293 vox
560 2252 633 2291 ex
667 2232 857 2293 Graeco
891 2250 1023 2303 otta
1053 2232 1267 2314 liquido
1296 2231 1531 2311 ostendit
1549 2273 1570 2303 ‚
1602 2232 1686 2303 l'l·

406 2313 472 2374 la
503 2314 640 2373 verb
670 2310 863 2394 lingua
895 2320 1058 2396 cepit
1091 2317 1323 2395 denique
1344 2314 1555 2394 pqmlo
1587 2310 1689 2394 effe

386 2392 667 2478 frequens
681 2441 701 2470 ,
724 2398 1071 2480 potientibus
1102 2402 1160 2461 in
1192 2394 1487 2476 Palestina
1502 2415 1692 2456 rerum

321 2535 327 2540 .
409 2480 584 2576 25,stss
636 2475 716 2546 ὸ·
761 2481 1004 2564 AEgypti
1067 2481 1290 2561 regibus
1340 2471 1694 2539 Macedonici

390 2562 1693 2738 {G'zfflt'erfsffs.s,¹5{3‘51'';“¹{›'3.r{333{’¹sss'13'2

413 2724 800 2791 scribendum
861 2726 973 2792 effe
1028 2748 1353 2813 putamus:
1417 2731 1504 2802 (1)
1550 2725 1695 2808 quia

374 2829 379 2832 ·
412 2812 709 2894 nusquam
742 2830 883 2875 ante
929 2813 1385 2896 Captivitatem
1420 2807 1694 2889 Babylo·

406 2892 613 2960 nicam
663 2896 945 2978 expreffis
996 2894 1197 2958 verbis
1252 2913 1471 2957 notum
1525 2888 1695 2955 fuisse

410 2971 783 3057 Synedrium
835 2975 1081 3040 dicitur.
1172 2978 1342 3040 Nam
1392 2995 1522 3058 qua:
1553 2974 1695 3038 loca

406 3078 849 3141 opponuntur,
891 3060 954 3123 in
988 3058 1205 3145 quibus
1234 3056 1466 3121 natales
1502 3052 1695 3137 Syne-

406 3139 532 3202 drii
572 3160 849 3223 quaerunt
878 3142 986 3206 alii
1019 3187 1041 3217 ‚
1101 3145 1287 3204 Exod.
1303 3141 1441 3224 fiil.
1478 3155 1697 3212 xv111,

378 3243 379 3246 ¹
416 3238 518 3284 22.
554 3224 731 3291 Num.
764 3239 864 3296 xl,
902 3238 994 3288 16.
1044 3227 1202 3287 Deut
1238 3238 1413 3286 xv11.
1454 3226 1510 3285 S.
1552 3241 1699 3304 pro-

376 3301 543 3367 '-1ixe
561 3300 788 3367 refellit
821 3309 920 3370 Fri
945 3307 1173 3369 chmuth
1204 3308 1245 3367 I.
1282 3328 1334 3368 c.
1372 3310 1431 3374 §-
1475 3320 1576 3385 53,
1599 3322 1699 3379 54,

418 3388 672 3470 55.fiq.
723 3311 983 3454 Confesr.
1031 3389 1300 3469 Conm'ng.
1352 3392 1410 3456 §.
1464 3404 1563 3460 25.
1612 3389 1695 3447 D.

408 3469 714 3557 Qensted.
767 3476 828 3534 in
881 3479 1067 3555 antiq.
1115 3471 1244 3544 bibl.
1284 3484 1428 3564 pag·
1480 3489 1556 3528 m·
1600 3485 1667 3549 35
1677 3511 1697 3539 ³

416 3566 516 3635 36.
608 3553 934 3637 Expendat
976 3551 1167 3617 modi>
1202 3571 1336 3637 quis
1416 3547 1559 3612 aulo
1592 3569 1697 3612 ac-

416 3636 723 3710 curatiuS,
767 3635 915 3721 quid
948 3634 1054 3720 ipfi
1090 3633 1327 3724 Judaei,
1408 3635 1592 3728 osque
1610 3635 1697 3716 se·

381 3717 542 3779 ·cuti
576 3719 719 3782 Viri
772 3719 1083 3783 clariffimi
1119 3718 1193 3785 de
1225 3715 1538 3799 Synedrits
1566 3734 1699 3779 tra-

418 3795 586 3873 dant,
602 3800 883 3866 conferat
914 3826 987 3868 ea
1019 3816 1171 3866 cum*
1195 3798 1500 3884 praediftis
1530 3795 1699 3863 Scri-

380 3902 389 3907 ·
417 3899 610 3963 pturoe
644 3884 837 3959 Ιοείς,
884 3888 951 3950 δε
985 3883 1221 3949 videbit
1242 3927 1260 3956 ‚
1296 3881 1458 3966 quod
1488 3879 1698 3966 gladio
1751 3901 1878 3966 cap.
1923 3902 2100 3951 xv11.
2187 3889 2438 3954 osterius
2473 3888 2640 3953 idem
2674 3902 2802 4035 cegp.

1749 1568 2158 1632 antecellebat
2195 1610 2217 1640 ‚
2271 1589 2414 1631 eum
2475 1561 2789 1630 faciebant
2837 1559 3038 1645 praefi-

1750 1649 1892 1718 dem
1917 1654 2019 1716 seu
2053 1670 2240 1735 caput
2271 1646 2590 1715 consessus.
2635 1647 2699 1709 Is
2733 1646 2895 1730 ipsus
2928 1643 3038 1717 est,

1752 1755 1933 1818 quem
1967 1733 2190 1799 eruditi
2227 1733 2452 1821 ubique
2488 1732 2794 1797 terrarun‘i
2826 1726 3044 1812 appel·

1750 1816 1881 1881 lant
1938 1836 2099 1881 μω]
2155 1819 2324 1901 isque
2394 1813 2604 1902 praeest
2654 1813 2799 1877 loco
2853 1808 3046 1875 Mofis

1755 1900 2026 1984 magistri
2044 1900 2250 1964 nostri.
2299 1900 2393 1964 At
2426 1900 2530 1983 qui
2545 1898 2720 1992 ‘inter
2755 1891 3042 1991 Lxx·.Se-

1753 2002 2001 2047 natores
2069 2003 2368 2047 annorum
2442 1999 2682 2046 ratione
2735 1996 3043 2042 maximus

1752 2085 1883 2130 erat
1921 2108 1943 2138 ,
1985 2064 2164 2129 illurn
2199 2064 2600 2129 collocabant
2633 2060 2668 2126 ὲ
2702 2059 2932 2126 dextris
2964 2060 3043 2123 il-

1752 2148 1868 2213 lius
1919 2149 2350 2234 vocabantque
2398 2166 2506 2241 ‘san
2543 2163 2635 2210 η’]
2676 2163 2748 2211 :ut
2787 2144 3044 2209 Patrem

1754 2228 2127 2295 Confistorii.
2176 2232 2404 2296 Caeteri
2426 2247 2609 2293 Lx1x.
2633 2227 2921 2291 sedebant
2939 2247 3041 2288 or·

1750 2312 1890 2376 dine
1939 2315 2355 2394 promotionis
2393 2316 2492 2376 seu
2524 2309 2882 2394 dignitatis,
2919 2329 3043 2406 quo

1752 2396 2002 2480 quisque
2048 2396 2249 2476 major
2300 2396 2364 2458 in
2431 2391 2728 2478 sapientia
2761 2436 2782 2466 ‚
2854 2411 3043 2476 quam

1752 2478 1992 2561 collega
2025 2476 2204 2561 ipfius
2236 2523 2258 2553 ‚
2317 2477 2391 2542 eb
2426 2473 2752 2540 Iocabatur
2787 2494 2902 2558 pro
2950 2475 3044 2538 ius

1752 2559 1831 2624 ad
1850 2559 2142 2624 finistram
2160 2561 2495 2646 Principis.
2521 2564 2648 2626 &a
2677 2558 2853 2626 Loca
2872 2495 3044 2624 Spcri-

1751 2663 1947 2727 pturae
1990 2642 2252 2709 addusta
2281 2644 2321 2708 fi
2353 2641 2792 2741 perpendimus
2823 2687 2844 2717 ,
2889 2640 3047 2705 nihil

1752 2727 2139 2792 consentanei
2171 2749 2437 2813 reperire
2468 2723 2797 2814 possumus·
2873 2727 3049 2790 Nam

1751 2811 1946 2894 priori
1999 2794 2146 2876 Ιοῶ
2194 2813 2537 2878 institutum
2587 2808 2886 2896 judicium
2930 2809 3047 2876 ali-

1798 2893 1919 2958 uod
1949 2892 2030 2958 ad
2063 2894 2326 2964 leviores
2353 2892 2775 2980 dijudicandas
2808 2895 3041 2962 causas;

1752 2915 2124 3072 §ynedrium
2153 3001 2362 3045 autem
2414 2979 2490 3045 de
2530 2976 2918 3062 gravioribus
2948 2972 3044 3054 ju-

1754 3057 2025 3124 dicabat.
2087 3061 2271 3126 Alter
2289 3064 2463 3126 locus
2494 3061 2624 3143 agit
2654 3057 2729 3121 de
2743 3057 2915 3128 viriS‚
2936 3054 3044 3139 qui

1754 3163 1938 3206 onera
1975 3141 2357 3209 sublevarent
2388 3145 2451 3205 in
2482 3141 2723 3204 deserto
2749 3140 2813 3202 in
2843 3136 3045 3200 distri-

1753 3224 1993 3288 buenda
2025 3249 2228 3291 carne.
2283 3227 2412 3289 baec
2460 3224 2770 3306 explicata
2810 3217 2949 3283 vide
2978 3225 3041 3282 in

1756 3314 2030 3390 antiquit.
2081 3310 2212 3372 bibl.
2266 3306 2567 3392 Qenlled.
2609 3320 2752 3396 pag.
2806 3324 2882 3364 m.
2941 3319 3037 3383 35.

1758 3390 1923 3474 Quia
1974 3391 2166 3452 etiam
2228 3387 2525 3451 nonnulla
2568 3385 2730 3449 dista
2777 3381 3044 3469 proferri
3141 3455 3153 3467 ,

1754 3468 1998 3618 possunt
2031 3513 2053 3543 ,
2112 3491 2243 3566 quae
2281 3469 2377 3535 vel
2408 3468 2648 3534 nullum
2679 3466 3049 3565 quandoque

1804 3550 2123 3636 ynedrium
2145 3575 2206 3616 m
2241 3552 2515 3618 universa
2546 3573 2711 3618 terra
2746 3551 3046 3617 Israeliti-

1754 3658 1828 3701 ca
1859 3636 2179 3700 inventum
2211 3629 2506 3721 judicium
2525 3683 2545 3712 ,
2590 3637 2688 3701 vel
2718 3636 3044 3701 mulierem

1753 3717 2089 3802 aliquando
2119 3719 2199 3785 ad
2233 3721 2480 3786 clavum
2522 3718 2727 3786 sediffe
2757 3720 2903 3784 satis
2936 3718 3044 3783 de·

1755 3800 2117 3867 monstrant.
2194 3804 2376 3870 Prius
2409 3803 2609 3870 asserit
2642 3803 2800 3868 liber
2830 3802 3042 3884 Judic.

2850 3903 2948 3957 xv,
2982 3903 3040 3960 5.

380 3985 387 3990 ·
403 3967 667 4108 proprio
700 3969 758 4031 se
798 3967 1088 4063 jugulent.
1138 3963 1486 4066 Audiamus
1521 3963 1697 4064 Rab-
1740 3967 1942 4062 κ(ζιιοά
1973 3969 2013 4032 fi
2042 3961 2541 4069 vero-Confessus
2574 3971 2680 4066 ille
2760 3967 3042 4056 ynedria-

378 4071 385 4078 ·
452 4067 694 4114 morum
746 4051 1104 4134 Principem
1154 4048 1497 4114 Mannomd.
1533 4050 1692 4110 Htlc.
1753 4050 1829 4114 lis
1865 4071 2012 4116 tunc
2045 4054 2253 4120 floruit
2281 4100 2302 4130 ‚
2343 4077 2417 4123 ac
2436 4076 2545 4119 cur
2561 4073 2789 4126 toties,
2821 4068 3038 4113 unum-

362 4131 679 4245 ‘Saenhedn
717 4129 977 4199 Senatus
1017 4134 1219 4219 major
1252 4178 1276 4210 ,
1328 4130 1532 4218 inquit
1568 4176 1590 4206 ,
1632 4132 1696 4196 in
1753 4155 2056 4224 quemque
2088 4158 2207 4226 pro
2235 4138 2498 4205 arbitrio
2532 4158 2624 4201 res
2653 4138 2785 4199 suas
2812 4145 3042 4217 'procu-

2511 4221 2577 4286 Ο
2873 4235 2940 4280 ra
2948 4212 3070 4302 {ses
