<?xml version="1.0" encoding="UTF-8"?>
<!DOCTYPE html PUBLIC "-//W3C//DTD XHTML 1.0 Transitional//EN"
    "http://www.w3.org/TR/xhtml1/DTD/xhtml1-transitional.dtd">
<html xmlns="http://www.w3.org/1999/xhtml" xml:lang="en" lang="en">
 <head>
  <title>
</title>
<meta http-equiv="Content-Type" content="text/html;charset=utf-8" />
  <meta name='ocr-system' content='tesseract 3.04.00' />
  <meta name='ocr-capabilities' content='ocr_page ocr_carea ocr_par ocr_line ocrx_word'/>
</head>
<body>
  <div class='ocr_page' id='page_1' title='image "./derepublicahebr00nicogoog_0306.png"; bbox 0 0 3920 4864; ppageno 0'>
   <div class='ocr_carea' id='block_1_1' title="bbox 849 345 3528 1340">
    <p class='ocr_par' dir='ltr' id='par_1_1' title="bbox 849 345 3528 1340">
     <span class='ocr_line' id='line_1_1' title="bbox 872 345 3262 469; baseline 0.005 -32.959"><span class='ocrx_word' id='word_1_1' title='bbox 872 345 1026 460; x_wconf 70' lang='lat'>273</span> <span class='ocrx_word' id='word_1_2' title='bbox 1305 362 1480 442; x_wconf 71' lang='lat' dir='ltr'>De</span> <span class='ocrx_word' id='word_1_3' title='bbox 1582 351 2176 469; x_wconf 57' lang='lat' dir='ltr'>nuvae:</span> <span class='ocrx_word' id='word_1_4' title='bbox 2278 352 3262 459; x_wconf 56' lang='lat' dir='ltr'>Hennnonuu,</span> 
     </span>
     <span class='ocr_line' id='line_1_2' title="bbox 872 490 3528 597; baseline 0.005 -24"><span class='ocrx_word' id='word_1_5' title='bbox 872 516 1030 573; x_wconf 69' lang='lat' dir='ltr'>sum</span> <span class='ocrx_word' id='word_1_6' title='bbox 1062 507 1321 572; x_wconf 76' lang='lat' dir='ltr'>nomen</span> <span class='ocrx_word' id='word_1_7' title='bbox 1353 497 1591 573; x_wconf 78' lang='lat' dir='ltr'>datum</span> <span class='ocrx_word' id='word_1_8' title='bbox 1633 499 2000 594; x_wconf 85' lang='lat' dir='ltr'>nepotibus</span> <span class='ocrx_word' id='word_1_9' title='bbox 2034 495 2182 588; x_wconf 83' lang='lat' dir='ltr'>ejus</span> <span class='ocrx_word' id='word_1_10' title='bbox 2228 490 2352 564; x_wconf 71' lang='lat' dir='ltr'>cst.</span> <span class='ocrx_word' id='word_1_11' title='bbox 2421 495 2532 565; x_wconf 84' lang='lat' dir='ltr'>Ac</span> <span class='ocrx_word' id='word_1_12' title='bbox 2570 497 2771 568; x_wconf 86' lang='lat' dir='ltr'>initio</span> <span class='ocrx_word' id='word_1_13' title='bbox 2799 502 3096 594; x_wconf 81' lang='lat' dir='ltr'>quidem</span> <span class='ocrx_word' id='word_1_14' title='bbox 3121 563 3146 597; x_wconf 91' lang='lat'>,</span> <span class='ocrx_word' id='word_1_15' title='bbox 3192 529 3289 582; x_wconf 82' lang='lat' dir='ltr'>ex</span> <span class='ocrx_word' id='word_1_16' title='bbox 3313 504 3528 595; x_wconf 65' lang='lat' dir='ltr'>Mofiss</span> 
     </span>
     <span class='ocr_line' id='line_1_3' title="bbox 874 583 3527 690; baseline 0.008 -31"><span class='ocrx_word' id='word_1_17' title='bbox 874 585 1196 668; x_wconf 81' lang='lat' dir='ltr'>instituto</span> <span class='ocrx_word' id='word_1_18' title='bbox 1218 650 1240 681; x_wconf 90' lang='lat'>,</span> <span class='ocrx_word' id='word_1_19' title='bbox 1284 591 1560 668; x_wconf 78' lang='lat' dir='ltr'>Levita:</span> <span class='ocrx_word' id='word_1_20' title='bbox 1585 587 2070 673; x_wconf 64' lang='lat' dir='ltr'>sacerdotibus</span> <span class='ocrx_word' id='word_1_21' title='bbox 2109 583 2449 660; x_wconf 79' lang='lat' dir='ltr'>duntaxat</span> <span class='ocrx_word' id='word_1_22' title='bbox 2467 608 2749 682; x_wconf 85' lang='lat' dir='ltr'>operam</span> <span class='ocrx_word' id='word_1_23' title='bbox 2792 594 3141 670; x_wconf 77' lang='lat' dir='ltr'><strong>navabant</strong></span> <span class='ocrx_word' id='word_1_24' title='bbox 3176 657 3202 690; x_wconf 90' lang='lat'>‚</span> <span class='ocrx_word' id='word_1_25' title='bbox 3268 627 3527 678; x_wconf 83' lang='lat' dir='ltr'>arcam·</span> 
     </span>
     <span class='ocr_line' id='line_1_4' title="bbox 849 668 3528 793; baseline 0.007 -44"><span class='ocrx_word' id='word_1_26' title='bbox 849 668 1019 784; x_wconf 75' lang='lat' dir='ltr'>&#39;que</span> <span class='ocrx_word' id='word_1_27' title='bbox 1050 687 1365 770; x_wconf 62' lang='lat' dir='ltr'>humeris</span> <span class='ocrx_word' id='word_1_28' title='bbox 1396 683 1847 793; x_wconf 63' lang='lat' dir='ltr'>portabanv,</span> <span class='ocrx_word' id='word_1_29' title='bbox 1889 679 1971 753; x_wconf 73' lang='grc' dir='ltr'>δε</span> <span class='ocrx_word' id='word_1_30' title='bbox 2007 675 2165 751; x_wconf 80' lang='lat' dir='ltr'>vasa</span> <span class='ocrx_word' id='word_1_31' title='bbox 2223 676 2409 783; x_wconf 75' lang='lat' dir='ltr'>sacra</span> <span class='ocrx_word' id='word_1_32' title='bbox 2467 679 2823 756; x_wconf 74' lang='lat' dir='ltr'><strong>curabant.</strong></span> <span class='ocrx_word' id='word_1_33' title='bbox 2904 683 3217 784; x_wconf 83' lang='lat' dir='ltr'>Ejusque</span> <span class='ocrx_word' id='word_1_34' title='bbox 3246 682 3528 789; x_wconf 74' lang='lat' dir='ltr'>generis</span> 
     </span>
     <span class='ocr_line' id='line_1_5' title="bbox 876 772 3522 883; baseline 0.006 -38"><span class='ocrx_word' id='word_1_35' title='bbox 876 806 1050 859; x_wconf 69' lang='lat' dir='ltr'>mox</span> <span class='ocrx_word' id='word_1_36' title='bbox 1078 783 1306 861; x_wconf 68' lang='lat' dir='ltr'>classes</span> <span class='ocrx_word' id='word_1_37' title='bbox 1342 776 1590 873; x_wconf 67' lang='lat' dir='ltr'>viginti</span> <span class='ocrx_word' id='word_1_38' title='bbox 1620 790 1924 883; x_wconf 78' lang='lat' dir='ltr'>quatuor</span> <span class='ocrx_word' id='word_1_39' title='bbox 1965 772 2204 851; x_wconf 82' lang='lat' dir='ltr'>David</span> <span class='ocrx_word' id='word_1_40' title='bbox 2217 773 2424 861; x_wconf 82' lang='lat' dir='ltr'>fecit,</span> <span class='ocrx_word' id='word_1_41' title='bbox 2463 798 2623 874; x_wconf 76' lang='lat' dir='ltr'>quat</span> <span class='ocrx_word' id='word_1_42' title='bbox 2655 776 2937 876; x_wconf 73' lang='lat' dir='ltr'>singulae</span> <span class='ocrx_word' id='word_1_43' title='bbox 2987 804 3111 876; x_wconf 89' lang='lat' dir='ltr'>per</span> <span class='ocrx_word' id='word_1_44' title='bbox 3136 785 3327 858; x_wconf 85' lang='lat' dir='ltr'>vices</span> <span class='ocrx_word' id='word_1_45' title='bbox 3365 790 3522 867; x_wconf 71' lang='lat' dir='ltr'>su&#39;ae</span> 
     </span>
     <span class='ocr_line' id='line_1_6' title="bbox 874 868 3515 981; baseline 0.002 -30"><span class='ocrx_word' id='word_1_46' title='bbox 874 871 1373 953; x_wconf 73' lang='lat' dir='ltr'><strong>hebdomadam</strong></span> <span class='ocrx_word' id='word_1_47' title='bbox 1412 890 1623 977; x_wconf 70' lang='lat' dir='ltr'>uuam</span> <span class='ocrx_word' id='word_1_48' title='bbox 1660 894 1735 944; x_wconf 80' lang='lat' dir='ltr'>in</span> <span class='ocrx_word' id='word_1_49' title='bbox 1769 870 2042 970; x_wconf 79' lang='lat' dir='ltr'>templo</span> <span class='ocrx_word' id='word_1_50' title='bbox 2077 868 2294 946; x_wconf 80' lang='lat' dir='ltr'>ess&#39;ent</span> <span class='ocrx_word' id='word_1_51' title='bbox 2341 901 2358 947; x_wconf 78' lang='lat' dir='ltr'><strong><em>z</em></strong></span> <span class='ocrx_word' id='word_1_52' title='bbox 2411 871 2618 971; x_wconf 72' lang='lat' dir='ltr'>plane</span> <span class='ocrx_word' id='word_1_53' title='bbox 2674 874 3261 981; x_wconf 76' lang='lat' dir='ltr'>quemadmodum</span> <span class='ocrx_word' id='word_1_54' title='bbox 3306 876 3515 958; x_wconf 80' lang='lat' dir='ltr'>etiam</span> 
     </span>
     <span class='ocr_line' id='line_1_7' title="bbox 873 963 3511 1055; baseline 0.002 -7"><span class='ocrx_word' id='word_1_55' title='bbox 873 969 1324 1048; x_wconf 79' lang='lat' dir='ltr'>sacerdotum</span> <span class='ocrx_word' id='word_1_56' title='bbox 1369 963 1620 1040; x_wconf 81' lang='lat' dir='ltr'>d1v1sae·</span> <span class='ocrx_word' id='word_1_57' title='bbox 1640 965 1966 1041; x_wconf 79' lang='lat' dir='ltr'>stationes</span> <span class='ocrx_word' id='word_1_58' title='bbox 2000 988 2223 1042; x_wconf 81' lang='lat' dir='ltr'>erant.</span> <span class='ocrx_word' id='word_1_59' title='bbox 2300 969 2660 1045; x_wconf 81' lang='lat' dir='ltr'>Caetemm</span> <span class='ocrx_word' id='word_1_60' title='bbox 2714 970 2899 1043; x_wconf 78' lang='lat' dir='ltr'>idem</span> <span class='ocrx_word' id='word_1_61' title='bbox 2955 970 3069 1043; x_wconf 90' lang='lat' dir='ltr'>ille</span> <span class='ocrx_word' id='word_1_62' title='bbox 3115 998 3238 1047; x_wconf 83' lang='lat' dir='ltr'>rex</span> <span class='ocrx_word' id='word_1_63' title='bbox 3277 976 3511 1055; x_wconf 83' lang='lat' dir='ltr'>David</span> 
     </span>
     <span class='ocr_line' id='line_1_8' title="bbox 869 1060 3508 1170; baseline 0.004 -32"><span class='ocrx_word' id='word_1_64' title='bbox 869 1064 1107 1138; x_wconf 89' lang='lat' dir='ltr'>eadem</span> <span class='ocrx_word' id='word_1_65' title='bbox 1145 1061 1298 1160; x_wconf 90' lang='lat' dir='ltr'>lege</span> <span class='ocrx_word' id='word_1_66' title='bbox 1340 1060 1632 1138; x_wconf 88' lang='lat' dir='ltr'>totidem</span> <span class='ocrx_word' id='word_1_67' title='bbox 1664 1085 1952 1163; x_wconf 91' lang='lat' dir='ltr'>quoque</span> <span class='ocrx_word' id='word_1_68' title='bbox 1992 1061 2284 1138; x_wconf 79' lang='lat' dir='ltr'>familias</span> <span class='ocrx_word' id='word_1_69' title='bbox 2323 1067 2486 1139; x_wconf 87' lang='lat' dir='ltr'>alias</span> <span class='ocrx_word' id='word_1_70' title='bbox 2505 1064 2805 1139; x_wconf 84' lang='lat' dir='ltr'>instituit</span> <span class='ocrx_word' id='word_1_71' title='bbox 2829 1062 3236 1142; x_wconf 81' lang='lat' dir='ltr'>Levitarum</span> <span class='ocrx_word' id='word_1_72' title='bbox 3261 1129 3283 1161; x_wconf 87' lang='lat'>‚</span> <span class='ocrx_word' id='word_1_73' title='bbox 3332 1098 3508 1170; x_wconf 88' lang='lat' dir='ltr'>quo-</span> 
     </span>
     <span class='ocr_line' id='line_1_9' title="bbox 872 1154 3507 1271; baseline 0.005 -37"><span class='ocrx_word' id='word_1_74' title='bbox 872 1182 1032 1248; x_wconf 80' lang='lat' dir='ltr'>rum</span> <span class='ocrx_word' id='word_1_75' title='bbox 1073 1183 1230 1258; x_wconf 80' lang='lat' dir='ltr'>pars</span> <span class='ocrx_word' id='word_1_76' title='bbox 1265 1166 1494 1235; x_wconf 77' lang='lat' dir='ltr'>voce⁴</span> <span class='ocrx_word' id='word_1_77' title='bbox 1514 1216 1538 1249; x_wconf 88' lang='lat'>,</span> <span class='ocrx_word' id='word_1_78' title='bbox 1582 1161 1699 1237; x_wconf 83' lang='lat' dir='ltr'>alii</span> <span class='ocrx_word' id='word_1_79' title='bbox 1736 1154 2058 1259; x_wconf 75' lang='lat' dir='ltr'>organis³</span> <span class='ocrx_word' id='word_1_80' title='bbox 2098 1157 2520 1261; x_wconf 86' lang='lat' dir='ltr'>nabliisque⁶</span> <span class='ocrx_word' id='word_1_81' title='bbox 2555 1162 2738 1236; x_wconf 87' lang='lat' dir='ltr'>inter</span> <span class='ocrx_word' id='word_1_82' title='bbox 2762 1158 2952 1271; x_wconf 31' lang='lat' dir='ltr'>&#39;sacra</span> <span class='ocrx_word' id='word_1_83' title='bbox 2986 1186 3338 1266; x_wconf 77' lang='lat' dir='ltr'>canerent.</span> <span class='ocrx_word' id='word_1_84' title='bbox 3401 1172 3507 1245; x_wconf 87' lang='lat' dir='ltr'>Ac</span> 
     </span>
     <span class='ocr_line' id='line_1_10' title="bbox 2678 1290 3511 1340; baseline 0.007 -5"><span class='ocrx_word' id='word_1_85' title='bbox 2678 1291 2681 1292; x_wconf 42' lang='lat'><em>⁷</em></span> <span class='ocrx_word' id='word_1_86' title='bbox 3359 1290 3511 1340; x_wconf 89' lang='lat' dir='ltr'>rur-</span> 
     </span>
    </p>
   </div>
   <div class='ocr_carea' id='block_1_2' title="bbox 758 1425 3547 4231">
    <p class='ocr_par' dir='ltr' id='par_1_2' title="bbox 758 1425 3512 1611">
     <span class='ocr_line' id='line_1_11' title="bbox 758 1425 3512 1608; baseline -0.003 -9"><span class='ocrx_word' id='word_1_87' title='bbox 758 1601 769 1608; x_wconf 71' lang='lat'>,</span> <span class='ocrx_word' id='word_1_88' title='bbox 869 1439 1275 1599; x_wconf 45' lang='lat' dir='ltr'>..³123ae</span> <span class='ocrx_word' id='word_1_89' title='bbox 1290 1425 2160 1591; x_wconf 58' lang='lat' dir='ltr'>5:322‘.{ae.0⁸÷⁶2‘3.5}222213</span> <span class='ocrx_word' id='word_1_90' title='bbox 2224 1435 2987 1587; x_wconf 42' lang='grc' dir='ltr'>Μέθη</span> <span class='ocrx_word' id='word_1_91' title='bbox 3001 1438 3386 1590; x_wconf 54' lang='grc' dir='ltr'>ῖξῑέτῑῠ</span> <span class='ocrx_word' id='word_1_92' title='bbox 3416 1440 3512 1591; x_wconf 61' lang='lat' dir='ltr'>ft:</span> 
     </span>
    </p>

    <p class='ocr_par' dir='ltr' id='par_1_3' title="bbox 776 1547 3510 2765">
     <span class='ocr_line' id='line_1_12' title="bbox 867 1547 3507 1687; baseline 0.002 -17"><span class='ocrx_word' id='word_1_93' title='bbox 867 1608 1218 1672; x_wconf 86' lang='lat' dir='ltr'>ministeriis</span> <span class='ocrx_word' id='word_1_94' title='bbox 1247 1627 1666 1674; x_wconf 83' lang='lat' dir='ltr'>exercerentur</span> <span class='ocrx_word' id='word_1_95' title='bbox 1701 1611 1770 1673; x_wconf 76' lang='grc' dir='ltr'>δε</span> <span class='ocrx_word' id='word_1_96' title='bbox 1803 1606 1886 1672; x_wconf 87' lang='lat' dir='ltr'>ad</span> <span class='ocrx_word' id='word_1_97' title='bbox 1917 1606 2160 1672; x_wconf 87' lang='lat' dir='ltr'>serviles</span> <span class='ocrx_word' id='word_1_98' title='bbox 2219 1620 2346 1687; x_wconf 82' lang='lat' dir='ltr'>cap.</span> <span class='ocrx_word' id='word_1_99' title='bbox 2381 1625 2523 1670; x_wconf 83' lang='lat' dir='ltr'>xxv.</span> <span class='ocrx_word' id='word_1_100' title='bbox 2558 1621 2610 1668; x_wconf 91' lang='lat'>1.</span> <span class='ocrx_word' id='word_1_101' title='bbox 2661 1610 2731 1672; x_wconf 74' lang='grc' dir='ltr'>δε</span> <span class='ocrx_word' id='word_1_102' title='bbox 2766 1620 2823 1669; x_wconf 87' lang='lat'>6.</span> <span class='ocrx_word' id='word_1_103' title='bbox 2874 1606 3244 1681; x_wconf 70' lang='lat' dir='ltr'>·2.2Paeral.V.</span> <span class='ocrx_word' id='word_1_104' title='bbox 3271 1626 3362 1672; x_wconf 89' lang='lat'>12.</span> <span class='ocrx_word' id='word_1_105' title='bbox 3408 1547 3507 1675; x_wconf 68' lang='lat' dir='ltr'>i-:x</span> 
     </span>
     <span class='ocr_line' id='line_1_13' title="bbox 776 1686 3510 1781; baseline 0.001 -27"><span class='ocrx_word' id='word_1_106' title='bbox 776 1698 786 1716; x_wconf 72' lang='grc'><strong>“</strong></span> <span class='ocrx_word' id='word_1_107' title='bbox 864 1710 1088 1774; x_wconf 80' lang='lat' dir='ltr'>operas</span> <span class='ocrx_word' id='word_1_108' title='bbox 1126 1690 1560 1755; x_wconf 85' lang='lat' dir='ltr'>adhiberentur</span> <span class='ocrx_word' id='word_1_109' title='bbox 1595 1733 1617 1764; x_wconf 99' lang='lat'>,</span> <span class='ocrx_word' id='word_1_110' title='bbox 1680 1689 1910 1753; x_wconf 87' lang='lat' dir='ltr'>solenni</span> <span class='ocrx_word' id='word_1_111' title='bbox 1952 1708 2161 1762; x_wconf 86' lang='lat' dir='ltr'>tamen</span> <span class='ocrx_word' id='word_1_112' title='bbox 2222 1686 2498 1781; x_wconf 76' lang='lat' dir='ltr'>qualibet</span> <span class='ocrx_word' id='word_1_113' title='bbox 2529 1687 2750 1753; x_wconf 87' lang='lat' dir='ltr'>harum</span> <span class='ocrx_word' id='word_1_114' title='bbox 2764 1686 3145 1753; x_wconf 75' lang='lat' dir='ltr'>familiarum</span> <span class='ocrx_word' id='word_1_115' title='bbox 3158 1709 3332 1754; x_wconf 87' lang='lat' dir='ltr'>erant</span> <span class='ocrx_word' id='word_1_116' title='bbox 3349 1691 3510 1756; x_wconf 82' lang='lat' dir='ltr'>mul-</span> 
     </span>
     <span class='ocr_line' id='line_1_14' title="bbox 861 1770 3508 1856; baseline 0.002 -22"><span class='ocrx_word' id='word_1_117' title='bbox 861 1772 987 1835; x_wconf 85' lang='lat' dir='ltr'>ritu</span> <span class='ocrx_word' id='word_1_118' title='bbox 1017 1816 1041 1848; x_wconf 92' lang='lat'>,</span> <span class='ocrx_word' id='word_1_119' title='bbox 1114 1773 1415 1856; x_wconf 89' lang='lat' dir='ltr'>certisque</span> <span class='ocrx_word' id='word_1_120' title='bbox 1469 1770 1833 1837; x_wconf 83' lang='lat' dir='ltr'>ceremoniis</span> <span class='ocrx_word' id='word_1_121' title='bbox 1875 1771 2047 1835; x_wconf 82' lang='lat' dir='ltr'>Deus</span> <span class='ocrx_word' id='word_1_122' title='bbox 2082 1792 2157 1834; x_wconf 88' lang='lat' dir='ltr'>o-</span> <span class='ocrx_word' id='word_1_123' title='bbox 2221 1788 2271 1833; x_wconf 73' lang='grc' dir='ltr'>τι</span> <span class='ocrx_word' id='word_1_124' title='bbox 2303 1771 2611 1835; x_wconf 87' lang='lat' dir='ltr'>Cantores</span> <span class='ocrx_word' id='word_1_125' title='bbox 2640 1790 2749 1854; x_wconf 86' lang='lat' dir='ltr'>per</span> <span class='ocrx_word' id='word_1_126' title='bbox 2780 1772 3029 1839; x_wconf 81' lang='lat' dir='ltr'>vices&amp;</span> <span class='ocrx_word' id='word_1_127' title='bbox 3065 1771 3291 1837; x_wconf 88' lang='lat' dir='ltr'>choros</span> <span class='ocrx_word' id='word_1_128' title='bbox 3305 1771 3508 1838; x_wconf 72' lang='lat' dir='ltr'>distri-</span> 
     </span>
     <span class='ocr_line' id='line_1_15' title="bbox 862 1850 3502 1942; baseline 0.001 -23"><span class='ocrx_word' id='word_1_129' title='bbox 862 1873 1039 1919; x_wconf 83' lang='lat' dir='ltr'>mnes</span> <span class='ocrx_word' id='word_1_130' title='bbox 1082 1873 1190 1921; x_wconf 88' lang='lat' dir='ltr'>eos</span> <span class='ocrx_word' id='word_1_131' title='bbox 1233 1854 1574 1928; x_wconf 84' lang='lat' dir='ltr'>consecrari</span> <span class='ocrx_word' id='word_1_132' title='bbox 1606 1852 1804 1918; x_wconf 86' lang='lat' dir='ltr'>voluit</span> <span class='ocrx_word' id='word_1_133' title='bbox 1837 1896 1861 1926; x_wconf 96' lang='lat'>,</span> <span class='ocrx_word' id='word_1_134' title='bbox 1917 1853 2152 1937; x_wconf 80' lang='lat' dir='ltr'>partim</span> <span class='ocrx_word' id='word_1_135' title='bbox 2220 1850 2355 1915; x_wconf 90' lang='lat' dir='ltr'>buti</span> <span class='ocrx_word' id='word_1_136' title='bbox 2377 1898 2398 1926; x_wconf 93' lang='lat'>,</span> <span class='ocrx_word' id='word_1_137' title='bbox 2443 1854 2534 1917; x_wconf 88' lang='lat' dir='ltr'>ita</span> <span class='ocrx_word' id='word_1_138' title='bbox 2563 1873 2773 1917; x_wconf 85' lang='lat' dir='ltr'>tamen</span> <span class='ocrx_word' id='word_1_139' title='bbox 2794 1898 2816 1929; x_wconf 99' lang='lat'>,</span> <span class='ocrx_word' id='word_1_140' title='bbox 2857 1874 2925 1918; x_wconf 90' lang='lat' dir='ltr'>ut</span> <span class='ocrx_word' id='word_1_141' title='bbox 2987 1854 3216 1922; x_wconf 89' lang='lat' dir='ltr'>uotidie</span> <span class='ocrx_word' id='word_1_142' title='bbox 3247 1878 3319 1921; x_wconf 84' lang='lat' dir='ltr'>ex</span> <span class='ocrx_word' id='word_1_143' title='bbox 3353 1879 3502 1942; x_wconf 85' lang='lat' dir='ltr'>qua-</span> 
     </span>
     <span class='ocr_line' id='line_1_16' title="bbox 860 1932 3503 2025; baseline 0.001 -24"><span class='ocrx_word' id='word_1_144' title='bbox 860 1937 1009 2025; x_wconf 80' lang='lat' dir='ltr'>quia</span> <span class='ocrx_word' id='word_1_145' title='bbox 1026 1932 1453 2007; x_wconf 62' lang='lat' dir='ltr'>Sandhtarium</span> <span class='ocrx_word' id='word_1_146' title='bbox 1473 1958 1617 2001; x_wconf 88' lang='lat' dir='ltr'>cum</span> <span class='ocrx_word' id='word_1_147' title='bbox 1635 1932 1785 2000; x_wconf 78' lang='lat' dir='ltr'>valis</span> <span class='ocrx_word' id='word_1_148' title='bbox 1799 1937 1985 1999; x_wconf 88' lang='lat' dir='ltr'>sacris</span> <span class='ocrx_word' id='word_1_149' title='bbox 2003 1956 2149 2020; x_wconf 88' lang='lat' dir='ltr'>por·</span> <span class='ocrx_word' id='word_1_150' title='bbox 2219 1934 2373 1999; x_wconf 88' lang='lat' dir='ltr'>libet</span> <span class='ocrx_word' id='word_1_151' title='bbox 2403 1933 2649 2001; x_wconf 86' lang='lat' dir='ltr'>familia</span> <span class='ocrx_word' id='word_1_152' title='bbox 2677 1936 2871 2022; x_wconf 80' lang='lat' dir='ltr'>aliqui</span> <span class='ocrx_word' id='word_1_153' title='bbox 2899 1959 2934 2001; x_wconf 91' lang='lat' dir='ltr'>e</span> <span class='ocrx_word' id='word_1_154' title='bbox 2979 1956 3080 2002; x_wconf 89' lang='lat' dir='ltr'>ent</span> <span class='ocrx_word' id='word_1_155' title='bbox 3115 1983 3138 2012; x_wconf 94' lang='lat'>,</span> <span class='ocrx_word' id='word_1_156' title='bbox 3212 1940 3333 2023; x_wconf 60' lang='lat' dir='ltr'>qui,</span> <span class='ocrx_word' id='word_1_157' title='bbox 3359 1961 3503 2005; x_wconf 80' lang='lat' dir='ltr'>cum</span> 
     </span>
     <span class='ocr_line' id='line_1_17' title="bbox 856 2017 3502 2104; baseline 0.002 -20"><span class='ocrx_word' id='word_1_158' title='bbox 856 2018 1077 2085; x_wconf 88' lang='lat' dir='ltr'>tabant</span> <span class='ocrx_word' id='word_1_159' title='bbox 1112 2023 1181 2087; x_wconf 74' lang='lat'>8:</span> <span class='ocrx_word' id='word_1_160' title='bbox 1216 2019 1637 2087; x_wconf 86' lang='lat' dir='ltr'>custodiebant</span> <span class='ocrx_word' id='word_1_161' title='bbox 1675 2063 1697 2094; x_wconf 99' lang='lat'>,</span> <span class='ocrx_word' id='word_1_162' title='bbox 1737 2018 1970 2102; x_wconf 80' lang='lat' dir='ltr'>partim</span> <span class='ocrx_word' id='word_1_163' title='bbox 2052 2019 2151 2084; x_wconf 90' lang='lat' dir='ltr'>uia</span> <span class='ocrx_word' id='word_1_164' title='bbox 2218 2017 2359 2082; x_wconf 83' lang='lat' dir='ltr'>aliis</span> <span class='ocrx_word' id='word_1_165' title='bbox 2400 2039 2472 2084; x_wconf 90' lang='lat' dir='ltr'>ex</span> <span class='ocrx_word' id='word_1_166' title='bbox 2509 2018 2761 2104; x_wconf 77' lang='lat' dir='ltr'>reliquis</span> <span class='ocrx_word' id='word_1_167' title='bbox 2798 2017 3055 2102; x_wconf 83' lang='lat' dir='ltr'>familiis</span> <span class='ocrx_word' id='word_1_168' title='bbox 3093 2041 3309 2085; x_wconf 88' lang='lat' dir='ltr'>coram</span> <span class='ocrx_word' id='word_1_169' title='bbox 3355 2044 3502 2089; x_wconf 87' lang='lat' dir='ltr'>arca</span> 
     </span>
     <span class='ocr_line' id='line_1_18' title="bbox 856 2099 3501 2175; baseline 0 -7"><span class='ocrx_word' id='word_1_170' title='bbox 856 2099 1301 2174; x_wconf 75' lang='lat' dir='ltr'>Sacerdotibus</span> <span class='ocrx_word' id='word_1_171' title='bbox 1330 2104 1395 2167; x_wconf 88' lang='lat' dir='ltr'>in</span> <span class='ocrx_word' id='word_1_172' title='bbox 1427 2100 1828 2175; x_wconf 82' lang='lat' dir='ltr'>sacrificando</span> <span class='ocrx_word' id='word_1_173' title='bbox 1844 2101 1996 2164; x_wconf 87' lang='lat' dir='ltr'>mini</span> <span class='ocrx_word' id='word_1_174' title='bbox 2052 2124 2148 2167; x_wconf 87' lang='lat' dir='ltr'>ra·</span> <span class='ocrx_word' id='word_1_175' title='bbox 2216 2118 2503 2167; x_wconf 86' lang='lat' dir='ltr'>canerent</span> <span class='ocrx_word' id='word_1_176' title='bbox 2522 2100 2846 2167; x_wconf 84' lang='lat' dir='ltr'>Domino:</span> <span class='ocrx_word' id='word_1_177' title='bbox 2895 2107 2961 2169; x_wconf 72' lang='grc' dir='ltr'>δε</span> <span class='ocrx_word' id='word_1_178' title='bbox 2996 2104 3128 2168; x_wconf 82' lang='lat' dir='ltr'>haec</span> <span class='ocrx_word' id='word_1_179' title='bbox 3145 2102 3378 2168; x_wconf 59' lang='lat' dir='ltr'>Midea</span> <span class='ocrx_word' id='word_1_180' title='bbox 3393 2104 3501 2169; x_wconf 85' lang='lat' dir='ltr'>de-</span> 
     </span>
     <span class='ocr_line' id='line_1_19' title="bbox 855 2182 3501 2274; baseline 0 -23"><span class='ocrx_word' id='word_1_181' title='bbox 855 2185 1032 2251; x_wconf 83' lang='lat' dir='ltr'>bant.</span> <span class='ocrx_word' id='word_1_182' title='bbox 1121 2184 1313 2274; x_wconf 72' lang='lat' dir='ltr'>Quod</span> <span class='ocrx_word' id='word_1_183' title='bbox 1452 2208 1552 2253; x_wconf 88' lang='lat' dir='ltr'>em</span> <span class='ocrx_word' id='word_1_184' title='bbox 1588 2185 1826 2250; x_wconf 82' lang='lat' dir='ltr'>Levitae</span> <span class='ocrx_word' id='word_1_185' title='bbox 1861 2183 2149 2249; x_wconf 86' lang='lat' dir='ltr'>taberna·</span> <span class='ocrx_word' id='word_1_186' title='bbox 2216 2182 2404 2248; x_wconf 88' lang='lat' dir='ltr'>bebat</span> <span class='ocrx_word' id='word_1_187' title='bbox 2435 2185 2564 2248; x_wconf 85' lang='lat' dir='ltr'>fieri</span> <span class='ocrx_word' id='word_1_188' title='bbox 2607 2204 2808 2258; x_wconf 83' lang='lat' dir='ltr'>voce,</span> <span class='ocrx_word' id='word_1_189' title='bbox 2842 2186 2933 2249; x_wconf 88' lang='lat' dir='ltr'>uti</span> <span class='ocrx_word' id='word_1_190' title='bbox 2974 2188 3254 2250; x_wconf 73' lang='lat' dir='ltr'>Maimon.</span> <span class='ocrx_word' id='word_1_191' title='bbox 3284 2193 3346 2251; x_wconf 77' lang='lat' dir='ltr'>in</span> <span class='ocrx_word' id='word_1_192' title='bbox 3361 2189 3501 2252; x_wconf 80' lang='lat' dir='ltr'>Kele</span> 
     </span>
     <span class='ocr_line' id='line_1_20' title="bbox 852 2267 3499 2353; baseline -0.001 -17"><span class='ocrx_word' id='word_1_193' title='bbox 852 2269 980 2336; x_wconf 82' lang='lat' dir='ltr'>culi</span> <span class='ocrx_word' id='word_1_194' title='bbox 1009 2269 1408 2344; x_wconf 57' lang='lat' dir='ltr'>structuram,</span> <span class='ocrx_word' id='word_1_195' title='bbox 1450 2341 1454 2348; x_wconf 48' lang='grc'><em>,</em></span> <span class='ocrx_word' id='word_1_196' title='bbox 1488 2289 1661 2332; x_wconf 87' lang='lat' dir='ltr'>ream</span> <span class='ocrx_word' id='word_1_197' title='bbox 1693 2271 1761 2334; x_wconf 72' lang='grc' dir='ltr'>δι</span> <span class='ocrx_word' id='word_1_198' title='bbox 1803 2268 1948 2331; x_wconf 86' lang='lat' dir='ltr'>vasa</span> <span class='ocrx_word' id='word_1_199' title='bbox 1978 2268 2149 2332; x_wconf 89' lang='lat' dir='ltr'>sacra</span> <span class='ocrx_word' id='word_1_200' title='bbox 2216 2267 2536 2351; x_wconf 69' lang='lat' dir='ltr'>Mikdasch.</span> <span class='ocrx_word' id='word_1_201' title='bbox 2568 2289 2620 2330; x_wconf 85' lang='lat' dir='ltr'>c.</span> <span class='ocrx_word' id='word_1_202' title='bbox 2669 2283 2800 2331; x_wconf 91' lang='lat'>111.</span> <span class='ocrx_word' id='word_1_203' title='bbox 2860 2288 2986 2353; x_wconf 87' lang='lat' dir='ltr'>quo</span> <span class='ocrx_word' id='word_1_204' title='bbox 3015 2287 3236 2332; x_wconf 76' lang='lat' dir='ltr'>tamen</span> <span class='ocrx_word' id='word_1_205' title='bbox 3284 2270 3499 2334; x_wconf 84' lang='lat' dir='ltr'>instru-</span> 
     </span>
     <span class='ocr_line' id='line_1_21' title="bbox 853 2346 3497 2446; baseline 0.001 -32"><span class='ocrx_word' id='word_1_206' title='bbox 853 2351 1168 2435; x_wconf 87' lang='lat' dir='ltr'>portarint</span> <span class='ocrx_word' id='word_1_207' title='bbox 1182 2395 1206 2427; x_wconf 92' lang='lat'>,</span> <span class='ocrx_word' id='word_1_208' title='bbox 1246 2350 1482 2416; x_wconf 84' lang='lat' dir='ltr'>constat</span> <span class='ocrx_word' id='word_1_209' title='bbox 1508 2372 1580 2417; x_wconf 86' lang='lat' dir='ltr'>ex</span> <span class='ocrx_word' id='word_1_210' title='bbox 1597 2346 1925 2446; x_wconf 73' lang='lat' dir='ltr'>Scriptura</span> <span class='ocrx_word' id='word_1_211' title='bbox 1951 2346 2147 2415; x_wconf 83' lang='lat' dir='ltr'>Sacra</span> <span class='ocrx_word' id='word_1_212' title='bbox 2219 2368 2429 2413; x_wconf 88' lang='lat' dir='ltr'>menta</span> <span class='ocrx_word' id='word_1_213' title='bbox 2459 2369 2583 2412; x_wconf 91' lang='lat' dir='ltr'>non</span> <span class='ocrx_word' id='word_1_214' title='bbox 2612 2346 2921 2424; x_wconf 86' lang='lat' dir='ltr'>excludit,</span> <span class='ocrx_word' id='word_1_215' title='bbox 2962 2349 3070 2417; x_wconf 82' lang='lat' dir='ltr'>sed·</span> <span class='ocrx_word' id='word_1_216' title='bbox 3093 2351 3226 2415; x_wconf 82' lang='lat' dir='ltr'>vult</span> <span class='ocrx_word' id='word_1_217' title='bbox 3259 2351 3368 2416; x_wconf 85' lang='lat' dir='ltr'>illa</span> <span class='ocrx_word' id='word_1_218' title='bbox 3398 2357 3497 2417; x_wconf 85' lang='lat' dir='ltr'>so·</span> 
     </span>
     <span class='ocr_line' id='line_1_22' title="bbox 849 2430 3497 2520; baseline 0.001 -23"><span class='ocrx_word' id='word_1_219' title='bbox 849 2436 1029 2498; x_wconf 79' lang='lat' dir='ltr'>Num.</span> <span class='ocrx_word' id='word_1_220' title='bbox 1072 2451 1170 2498; x_wconf 79' lang='lat' dir='ltr'>1v.</span> <span class='ocrx_word' id='word_1_221' title='bbox 1212 2431 1294 2516; x_wconf 53' lang='grc' dir='ltr'>ᾖ.</span> <span class='ocrx_word' id='word_1_222' title='bbox 1332 2452 1389 2511; x_wconf 86' lang='lat'>5-</span> <span class='ocrx_word' id='word_1_223' title='bbox 1436 2435 1626 2490; x_wconf 78' lang='lat' dir='ltr'>Plura</span> <span class='ocrx_word' id='word_1_224' title='bbox 1661 2455 1764 2490; x_wconf 83' lang='lat' dir='ltr'>nm</span> <span class='ocrx_word' id='word_1_225' title='bbox 1807 2432 2007 2520; x_wconf 88' lang='lat' dir='ltr'>legere</span> <span class='ocrx_word' id='word_1_226' title='bbox 2037 2456 2147 2498; x_wconf 88' lang='lat' dir='ltr'>cu·</span> <span class='ocrx_word' id='word_1_227' title='bbox 2218 2430 2544 2496; x_wconf 88' lang='lat' dir='ltr'>lummodo</span> <span class='ocrx_word' id='word_1_228' title='bbox 2572 2430 3259 2517; x_wconf 86' lang='lat' dir='ltr'>tanquamappendices</span> <span class='ocrx_word' id='word_1_229' title='bbox 3288 2435 3368 2499; x_wconf 90' lang='lat' dir='ltr'>ad</span> <span class='ocrx_word' id='word_1_230' title='bbox 3385 2457 3497 2502; x_wconf 81' lang='lat' dir='ltr'>vo·</span> 
     </span>
     <span class='ocr_line' id='line_1_23' title="bbox 853 2512 3507 2601; baseline 0.001 -20"><span class='ocrx_word' id='word_1_231' title='bbox 853 2517 1282 2601; x_wconf 84' lang='lat' dir='ltr'>pit,evolvat</span> <span class='ocrx_word' id='word_1_232' title='bbox 1318 2518 1370 2583; x_wconf 81' lang='lat'>1]</span> <span class='ocrx_word' id='word_1_233' title='bbox 1804 2517 2146 2600; x_wconf 76' lang='lat' dir='ltr'>mtiq.&#39;Bibl.</span> <span class='ocrx_word' id='word_1_234' title='bbox 2216 2512 2903 2581; x_wconf 82' lang='lat' dir='ltr'>ces-acceffisse.Levitis</span> <span class='ocrx_word' id='word_1_235' title='bbox 2922 2535 3166 2581; x_wconf 85' lang='lat' dir='ltr'>tantum</span> <span class='ocrx_word' id='word_1_236' title='bbox 3184 2521 3507 2584; x_wconf 88' lang='lat' dir='ltr'>convenie-</span> 
     </span>
     <span class='ocr_line' id='line_1_24' title="bbox 842 2597 3498 2683; baseline 0.002 -21"><span class='ocrx_word' id='word_1_237' title='bbox 842 2616 992 2683; x_wconf 58' lang='grc' dir='ltr'>με.</span> <span class='ocrx_word' id='word_1_238' title='bbox 1026 2623 1105 2665; x_wconf 86' lang='lat' dir='ltr'>m.</span> <span class='ocrx_word' id='word_1_239' title='bbox 1142 2612 1239 2675; x_wconf 82' lang='lat'>61,</span> <span class='ocrx_word' id='word_1_240' title='bbox 1276 2613 1370 2665; x_wconf 85' lang='lat'>62.</span> <span class='ocrx_word' id='word_1_241' title='bbox 1837 2601 2145 2665; x_wconf 83' lang='lat' dir='ltr'>Comment.</span> <span class='ocrx_word' id='word_1_242' title='bbox 2214 2597 2322 2662; x_wconf 88' lang='lat' dir='ltr'>bat</span> <span class='ocrx_word' id='word_1_243' title='bbox 2353 2597 2591 2662; x_wconf 85' lang='lat' dir='ltr'>Mufica</span> <span class='ocrx_word' id='word_1_244' title='bbox 2608 2598 2812 2664; x_wconf 83' lang='lat' dir='ltr'>vocali</span> <span class='ocrx_word' id='word_1_245' title='bbox 2831 2619 3086 2675; x_wconf 86' lang='lat' dir='ltr'>canere,</span> <span class='ocrx_word' id='word_1_246' title='bbox 3122 2601 3213 2666; x_wconf 89' lang='lat' dir='ltr'>uti</span> <span class='ocrx_word' id='word_1_247' title='bbox 3228 2603 3324 2664; x_wconf 84' lang='lat' dir='ltr'>Mi</span> <span class='ocrx_word' id='word_1_248' title='bbox 3350 2603 3498 2666; x_wconf 76' lang='lat' dir='ltr'>cbna</span> 
     </span>
     <span class='ocr_line' id='line_1_25' title="bbox 823 2676 2889 2765; baseline -0.001 -18"><span class='ocrx_word' id='word_1_249' title='bbox 823 2676 917 2747; x_wconf 31' lang='lat'>⁸2„</span> <span class='ocrx_word' id='word_1_250' title='bbox 945 2682 1006 2746; x_wconf 74' lang='lat' dir='ltr'>b·</span> <span class='ocrx_word' id='word_1_251' title='bbox 1039 2684 1083 2745; x_wconf 75' lang='grc' dir='ltr'>1ο</span> <span class='ocrx_word' id='word_1_252' title='bbox 1128 2687 1196 2748; x_wconf 83' lang='lat'>&amp;</span> <span class='ocrx_word' id='word_1_253' title='bbox 1230 2684 1421 2763; x_wconf 64' lang='lat' dir='ltr'>SigOh·</span> <span class='ocrx_word' id='word_1_254' title='bbox 1455 2724 1517 2746; x_wconf 60' lang='lat' dir='ltr'>ut</span> <span class='ocrx_word' id='word_1_255' title='bbox 1553 2724 1787 2765; x_wconf 59' lang='lat' dir='ltr'>asaf-vor·</span> <span class='ocrx_word' id='word_1_256' title='bbox 1813 2684 1994 2746; x_wconf 71' lang='lat' dir='ltr'><em>HCbro</em></span> <span class='ocrx_word' id='word_1_257' title='bbox 2208 2685 2268 2744; x_wconf 66' lang='lat' dir='ltr'>in</span> <span class='ocrx_word' id='word_1_258' title='bbox 2296 2682 2573 2744; x_wconf 59' lang='lat' dir='ltr'>Ersscbin·</span> <span class='ocrx_word' id='word_1_259' title='bbox 2855 2703 2889 2755; x_wconf 41' lang='lat'>⁸·</span> 
     </span>
    </p>

    <p class='ocr_par' dir='ltr' id='par_1_4' title="bbox 845 2762 3547 4231">
     <span class='ocr_line' id='line_1_26' title="bbox 934 2762 3492 2857; baseline 0.002 -31"><span class='ocrx_word' id='word_1_260' title='bbox 934 2780 1001 2836; x_wconf 83' lang='grc'>4.</span> <span class='ocrx_word' id='word_1_261' title='bbox 1043 2762 1306 2849; x_wconf 68' lang='lat' dir='ltr'>¹Qun-um</span> <span class='ocrx_word' id='word_1_262' title='bbox 1322 2780 1472 2857; x_wconf 73' lang='lat' dir='ltr'>pars</span> <span class='ocrx_word' id='word_1_263' title='bbox 1501 2787 1635 2828; x_wconf 83' lang='lat' dir='ltr'>voce</span> <span class='ocrx_word' id='word_1_264' title='bbox 1735 2763 1928 2827; x_wconf 68' lang='lat' dir='ltr'>Reste</span> <span class='ocrx_word' id='word_1_265' title='bbox 1962 2782 2143 2828; x_wconf 89' lang='lat' dir='ltr'>autor</span> <span class='ocrx_word' id='word_1_266' title='bbox 2295 2779 2352 2837; x_wconf 84' lang='lat'>5.</span> <span class='ocrx_word' id='word_1_267' title='bbox 2398 2763 2584 2828; x_wconf 71' lang='lat' dir='ltr'>Aliio</span> <span class='ocrx_word' id='word_1_268' title='bbox 2658 2763 2818 2846; x_wconf 74' lang='lat' dir='ltr'>anis]</span> <span class='ocrx_word' id='word_1_269' title='bbox 2866 2764 3133 2848; x_wconf 76' lang='lat' dir='ltr'>Mischu</span> <span class='ocrx_word' id='word_1_270' title='bbox 3147 2769 3208 2830; x_wconf 75' lang='lat' dir='ltr'>in</span> <span class='ocrx_word' id='word_1_271' title='bbox 3237 2764 3492 2830; x_wconf 64' lang='lat' dir='ltr'>Erat-bin</span> 
     </span>
     <span class='ocr_line' id='line_1_27' title="bbox 847 2842 3509 2932; baseline 0.002 -24"><span class='ocrx_word' id='word_1_272' title='bbox 847 2843 1064 2908; x_wconf 83' lang='lat' dir='ltr'>statuit</span> <span class='ocrx_word' id='word_1_273' title='bbox 1095 2888 1119 2918; x_wconf 96' lang='lat'>,</span> <span class='ocrx_word' id='word_1_274' title='bbox 1153 2844 1494 2911; x_wconf 74' lang='lat' dir='ltr'>-Davxdem</span> <span class='ocrx_word' id='word_1_275' title='bbox 1529 2866 1605 2911; x_wconf 84' lang='lat' dir='ltr'>ex</span> <span class='ocrx_word' id='word_1_276' title='bbox 1735 2844 1927 2907; x_wconf 86' lang='lat' dir='ltr'>vitica</span> <span class='ocrx_word' id='word_1_277' title='bbox 1960 2844 2144 2929; x_wconf 86' lang='lat' dir='ltr'>stirpe</span> <span class='ocrx_word' id='word_1_278' title='bbox 2212 2842 2440 2919; x_wconf 90' lang='lat' dir='ltr'>refert,</span> <span class='ocrx_word' id='word_1_279' title='bbox 2483 2866 2608 2932; x_wconf 91' lang='lat' dir='ltr'>quo</span> <span class='ocrx_word' id='word_1_280' title='bbox 2681 2845 2761 2910; x_wconf 87' lang='lat' dir='ltr'>ad</span> <span class='ocrx_word' id='word_1_281' title='bbox 2791 2867 3114 2910; x_wconf 87' lang='lat' dir='ltr'>numerum</span> <span class='ocrx_word' id='word_1_282' title='bbox 3146 2848 3509 2914; x_wconf 81' lang='lat' dir='ltr'>cantorum·</span> 
     </span>
     <span class='ocr_line' id='line_1_28' title="bbox 845 2924 3492 3012; baseline 0.001 -18"><span class='ocrx_word' id='word_1_283' title='bbox 845 2924 1186 3003; x_wconf 83' lang='lat' dir='ltr'>instituiffe,</span> <span class='ocrx_word' id='word_1_284' title='bbox 1214 2927 1318 3012; x_wconf 84' lang='lat' dir='ltr'>qui</span> <span class='ocrx_word' id='word_1_285' title='bbox 1336 2927 1734 3003; x_wconf 86' lang='lat' dir='ltr'>ministerium</span> <span class='ocrx_word' id='word_1_286' title='bbox 1754 2924 2016 2992; x_wconf 88' lang='lat' dir='ltr'>obibant</span> <span class='ocrx_word' id='word_1_287' title='bbox 2034 2948 2138 2992; x_wconf 88' lang='lat' dir='ltr'>ca·</span> <span class='ocrx_word' id='word_1_288' title='bbox 2215 2947 2336 2990; x_wconf 91' lang='lat' dir='ltr'>non</span> <span class='ocrx_word' id='word_1_289' title='bbox 2366 2947 2608 2993; x_wconf 86' lang='lat' dir='ltr'>tantum</span> <span class='ocrx_word' id='word_1_290' title='bbox 2644 2927 2878 2993; x_wconf 85' lang='lat' dir='ltr'>Levitae</span> <span class='ocrx_word' id='word_1_291' title='bbox 2927 2929 3030 2998; x_wconf 80' lang='lat' dir='ltr'>sed</span> <span class='ocrx_word' id='word_1_292' title='bbox 3071 2930 3264 2995; x_wconf 89' lang='lat' dir='ltr'>etiam</span> <span class='ocrx_word' id='word_1_293' title='bbox 3295 2932 3492 2996; x_wconf 85' lang='lat' dir='ltr'>Isra&#39;e’-</span> 
     </span>
     <span class='ocr_line' id='line_1_29' title="bbox 854 3008 3492 3108; baseline 0 -30"><span class='ocrx_word' id='word_1_294' title='bbox 854 3009 1037 3078; x_wconf 84' lang='lat' dir='ltr'>nendi</span> <span class='ocrx_word' id='word_1_295' title='bbox 1072 3016 1141 3078; x_wconf 85' lang='lat'>&amp;</span> <span class='ocrx_word' id='word_1_296' title='bbox 1171 3008 1530 3076; x_wconf 85' lang='lat' dir='ltr'>modulandi</span> <span class='ocrx_word' id='word_1_297' title='bbox 1557 3011 1619 3073; x_wconf 91' lang='lat' dir='ltr'>in</span> <span class='ocrx_word' id='word_1_298' title='bbox 1650 3008 1910 3092; x_wconf 89' lang='lat' dir='ltr'>templo.</span> <span class='ocrx_word' id='word_1_299' title='bbox 1957 3009 2140 3076; x_wconf 90' lang='lat' dir='ltr'>Men-</span> <span class='ocrx_word' id='word_1_300' title='bbox 2210 3008 2335 3074; x_wconf 84' lang='lat' dir='ltr'>litae</span> <span class='ocrx_word' id='word_1_301' title='bbox 2507 3011 2729 3091; x_wconf 80' lang='lat' dir='ltr'>stantes</span> <span class='ocrx_word' id='word_1_302' title='bbox 2759 3055 2782 3085; x_wconf 94' lang='lat'>,</span> <span class='ocrx_word' id='word_1_303' title='bbox 2835 3012 2940 3097; x_wconf 88' lang='lat' dir='ltr'>qui</span> <span class='ocrx_word' id='word_1_304' title='bbox 2988 3013 3276 3108; x_wconf 81' lang='lat' dir='ltr'>conjugio</span> <span class='ocrx_word' id='word_1_305' title='bbox 3304 3014 3492 3098; x_wconf 69' lang='lat' dir='ltr'>juuffl</span> 
     </span>
     <span class='ocr_line' id='line_1_30' title="bbox 854 3090 3525 3179; baseline 0.002 -23"><span class='ocrx_word' id='word_1_306' title='bbox 854 3093 953 3159; x_wconf 90' lang='lat' dir='ltr'>tio</span> <span class='ocrx_word' id='word_1_307' title='bbox 982 3115 1195 3160; x_wconf 88' lang='lat' dir='ltr'>eorum</span> <span class='ocrx_word' id='word_1_308' title='bbox 1232 3095 1445 3177; x_wconf 83' lang='lat' dir='ltr'>paffim</span> <span class='ocrx_word' id='word_1_309' title='bbox 1464 3093 1532 3158; x_wconf 83' lang='lat' dir='ltr'>fit</span> <span class='ocrx_word' id='word_1_310' title='bbox 1562 3094 1626 3156; x_wconf 87' lang='lat' dir='ltr'>in</span> <span class='ocrx_word' id='word_1_311' title='bbox 1643 3090 1967 3177; x_wconf 84' lang='lat' dir='ltr'>Scriptura</span> <span class='ocrx_word' id='word_1_312' title='bbox 1983 3113 2140 3176; x_wconf 84' lang='lat' dir='ltr'>prae-</span> <span class='ocrx_word' id='word_1_313' title='bbox 2211 3112 2382 3157; x_wconf 88' lang='lat' dir='ltr'>erant</span> <span class='ocrx_word' id='word_1_314' title='bbox 2448 3091 2838 3158; x_wconf 87' lang='lat' dir='ltr'>acerdotibus</span> <span class='ocrx_word' id='word_1_315' title='bbox 2855 3094 3033 3159; x_wconf 88' lang='lat' dir='ltr'>relati</span> <span class='ocrx_word' id='word_1_316' title='bbox 3049 3091 3314 3171; x_wconf 76' lang='lat' dir='ltr'>fuerint,</span> <span class='ocrx_word' id='word_1_317' title='bbox 3402 3098 3525 3179; x_wconf 50' lang='grc' dir='ltr'>υἰ-ὶ</span> 
     </span>
     <span class='ocr_line' id='line_1_31' title="bbox 853 3174 3494 3258; baseline 0.002 -17"><span class='ocrx_word' id='word_1_318' title='bbox 853 3178 1071 3242; x_wconf 87' lang='lat' dir='ltr'>sertim</span> <span class='ocrx_word' id='word_1_319' title='bbox 1105 3194 1160 3242; x_wconf 86' lang='lat'>1.</span> <span class='ocrx_word' id='word_1_320' title='bbox 1194 3179 1399 3243; x_wconf 84' lang='lat' dir='ltr'>Paral.</span> <span class='ocrx_word' id='word_1_321' title='bbox 1417 3198 1515 3240; x_wconf 86' lang='lat' dir='ltr'>xv.</span> <span class='ocrx_word' id='word_1_322' title='bbox 1538 3190 1632 3240; x_wconf 87' lang='lat'>16.</span> <span class='ocrx_word' id='word_1_323' title='bbox 1665 3191 1793 3258; x_wconf 82' lang='lat' dir='ltr'>cap.</span> <span class='ocrx_word' id='word_1_324' title='bbox 1828 3192 2038 3240; x_wconf 86' lang='lat' dir='ltr'>xx111.</span> <span class='ocrx_word' id='word_1_325' title='bbox 2079 3193 2136 3252; x_wconf 86' lang='lat'>5.</span> <span class='ocrx_word' id='word_1_326' title='bbox 2210 3174 2324 3239; x_wconf 83' lang='lat' dir='ltr'>bus</span> <span class='ocrx_word' id='word_1_327' title='bbox 2388 3175 2782 3240; x_wconf 80' lang='lat' dir='ltr'>solummodo</span> <span class='ocrx_word' id='word_1_328' title='bbox 2832 3177 3244 3242; x_wconf 87' lang='lat' dir='ltr'>instrumentis</span> <span class='ocrx_word' id='word_1_329' title='bbox 3287 3179 3352 3243; x_wconf 90' lang='lat' dir='ltr'>lu</span> <span class='ocrx_word' id='word_1_330' title='bbox 3394 3201 3494 3246; x_wconf 85' lang='lat' dir='ltr'>ere</span> 
     </span>
     <span class='ocr_line' id='line_1_32' title="bbox 851 3256 3492 3340; baseline 0 -15"><span class='ocrx_word' id='word_1_331' title='bbox 851 3282 908 3325; x_wconf 85' lang='lat' dir='ltr'>c.</span> <span class='ocrx_word' id='word_1_332' title='bbox 940 3280 1082 3326; x_wconf 83' lang='lat' dir='ltr'>xxv.</span> <span class='ocrx_word' id='word_1_333' title='bbox 1119 3279 1173 3326; x_wconf 89' lang='lat'>1.</span> <span class='ocrx_word' id='word_1_334' title='bbox 1245 3262 1594 3327; x_wconf 88' lang='lat' dir='ltr'>Cantorum</span> <span class='ocrx_word' id='word_1_335' title='bbox 1634 3258 1783 3323; x_wconf 75' lang='lat' dir='ltr'>verb</span> <span class='ocrx_word' id='word_1_336' title='bbox 1825 3261 2016 3324; x_wconf 89' lang='lat' dir='ltr'>sortes</span> <span class='ocrx_word' id='word_1_337' title='bbox 2047 3260 2140 3322; x_wconf 87' lang='lat' dir='ltr'>vi·</span> <span class='ocrx_word' id='word_1_338' title='bbox 2209 3257 2543 3340; x_wconf 64' lang='lat' dir='ltr'>injunfitum</span> <span class='ocrx_word' id='word_1_339' title='bbox 2588 3256 2774 3323; x_wconf 87' lang='lat' dir='ltr'>fuerit</span> <span class='ocrx_word' id='word_1_340' title='bbox 2810 3283 2831 3330; x_wconf 84' lang='lat'>3</span> <span class='ocrx_word' id='word_1_341' title='bbox 2896 3261 3137 3326; x_wconf 77' lang='lat' dir='ltr'>Verum</span> <span class='ocrx_word' id='word_1_342' title='bbox 3171 3266 3239 3328; x_wconf 72' lang='grc' dir='ltr'>δι</span> <span class='ocrx_word' id='word_1_343' title='bbox 3273 3262 3394 3326; x_wconf 89' lang='lat' dir='ltr'>hoc</span> <span class='ocrx_word' id='word_1_344' title='bbox 3426 3285 3492 3327; x_wconf 90' lang='lat' dir='ltr'>e··</span> 
     </span>
     <span class='ocr_line' id='line_1_33' title="bbox 855 3339 3492 3433; baseline 0 -22"><span class='ocrx_word' id='word_1_345' title='bbox 855 3345 1030 3411; x_wconf 84' lang='lat' dir='ltr'>cesve</span> <span class='ocrx_word' id='word_1_346' title='bbox 1064 3344 1283 3429; x_wconf 85' lang='lat' dir='ltr'>viginti</span> <span class='ocrx_word' id='word_1_347' title='bbox 1325 3363 1590 3433; x_wconf 86' lang='lat' dir='ltr'>quatuor</span> <span class='ocrx_word' id='word_1_348' title='bbox 1645 3342 1962 3408; x_wconf 89' lang='lat' dir='ltr'>constituit</span> <span class='ocrx_word' id='word_1_349' title='bbox 2005 3341 2141 3406; x_wconf 87' lang='lat' dir='ltr'>Da·</span> <span class='ocrx_word' id='word_1_350' title='bbox 2206 3341 2361 3403; x_wconf 89' lang='lat' dir='ltr'>tiam</span> <span class='ocrx_word' id='word_1_351' title='bbox 2382 3340 2621 3405; x_wconf 85' lang='lat' dir='ltr'>Levitis</span> <span class='ocrx_word' id='word_1_352' title='bbox 2653 3339 3033 3417; x_wconf 80' lang='lat' dir='ltr'>convenisse,</span> <span class='ocrx_word' id='word_1_353' title='bbox 3063 3344 3199 3429; x_wconf 90' lang='lat' dir='ltr'>quis</span> <span class='ocrx_word' id='word_1_354' title='bbox 3221 3346 3492 3429; x_wconf 85' lang='lat' dir='ltr'>negabit.</span> 
     </span>
     <span class='ocr_line' id='line_1_34' title="bbox 856 3421 3484 3507; baseline 0.001 -19"><span class='ocrx_word' id='word_1_355' title='bbox 856 3425 1004 3500; x_wconf 65' lang='lat' dir='ltr'>vids</span> <span class='ocrx_word' id='word_1_356' title='bbox 1045 3446 1112 3490; x_wconf 90' lang='lat' dir='ltr'>ut</span> <span class='ocrx_word' id='word_1_357' title='bbox 1140 3447 1354 3491; x_wconf 87' lang='lat' dir='ltr'>eorum</span> <span class='ocrx_word' id='word_1_358' title='bbox 1383 3428 1645 3493; x_wconf 80' lang='lat' dir='ltr'>unasors</span> <span class='ocrx_word' id='word_1_359' title='bbox 1661 3469 1684 3501; x_wconf 93' lang='lat'>,</span> <span class='ocrx_word' id='word_1_360' title='bbox 1718 3425 1821 3488; x_wconf 88' lang='lat' dir='ltr'>uni</span> <span class='ocrx_word' id='word_1_361' title='bbox 1838 3421 2142 3489; x_wconf 87' lang='lat' dir='ltr'>Sacerdo-</span> <span class='ocrx_word' id='word_1_362' title='bbox 2214 3424 2383 3486; x_wconf 87' lang='lat' dir='ltr'>Nam</span> <span class='ocrx_word' id='word_1_363' title='bbox 2427 3425 2603 3488; x_wconf 74' lang='lat' dir='ltr'>Arias</span> <span class='ocrx_word' id='word_1_364' title='bbox 2657 3426 2926 3488; x_wconf 76' lang='lat' dir='ltr'>Montan.</span> <span class='ocrx_word' id='word_1_365' title='bbox 2969 3426 3033 3488; x_wconf 91' lang='lat' dir='ltr'>in</span> <span class='ocrx_word' id='word_1_366' title='bbox 3070 3440 3275 3507; x_wconf 79' lang='lat' dir='ltr'>appar.</span> <span class='ocrx_word' id='word_1_367' title='bbox 3318 3429 3484 3491; x_wconf 73' lang='lat' dir='ltr'>Sacr.</span> 
     </span>
     <span class='ocr_line' id='line_1_35' title="bbox 855 3505 3489 3590; baseline 0 -19"><span class='ocrx_word' id='word_1_368' title='bbox 855 3525 995 3571; x_wconf 87' lang='lat' dir='ltr'>tum</span> <span class='ocrx_word' id='word_1_369' title='bbox 1025 3510 1176 3571; x_wconf 88' lang='lat' dir='ltr'>sorti</span> <span class='ocrx_word' id='word_1_370' title='bbox 1203 3508 1485 3578; x_wconf 77' lang='lat' dir='ltr'>canendo</span> <span class='ocrx_word' id='word_1_371' title='bbox 1511 3513 1578 3576; x_wconf 74' lang='grc' dir='ltr'>δε</span> <span class='ocrx_word' id='word_1_372' title='bbox 1614 3505 1996 3572; x_wconf 77' lang='lat' dir='ltr'>modulando</span> <span class='ocrx_word' id='word_1_373' title='bbox 2023 3506 2144 3569; x_wconf 80' lang='lat' dir='ltr'>mi·</span> <span class='ocrx_word' id='word_1_374' title='bbox 2206 3506 2352 3569; x_wconf 80' lang='lat' dir='ltr'>Bibl.</span> <span class='ocrx_word' id='word_1_375' title='bbox 2389 3507 2522 3569; x_wconf 77' lang='lat' dir='ltr'>libr.</span> <span class='ocrx_word' id='word_1_376' title='bbox 2540 3510 2608 3569; x_wconf 87' lang='lat' dir='ltr'>de</span> <span class='ocrx_word' id='word_1_377' title='bbox 2639 3508 2860 3589; x_wconf 80' lang='lat' dir='ltr'>Templi</span> <span class='ocrx_word' id='word_1_378' title='bbox 2871 3508 3114 3590; x_wconf 55' lang='lat' dir='ltr'>fabul-a</span> <span class='ocrx_word' id='word_1_379' title='bbox 3142 3505 3222 3574; x_wconf 67' lang='grc' dir='ltr'>ὸ·</span> <span class='ocrx_word' id='word_1_380' title='bbox 3235 3507 3489 3588; x_wconf 61' lang='lat' dir='ltr'>struan-</span> 
     </span>
     <span class='ocr_line' id='line_1_36' title="bbox 855 3585 3490 3675; baseline 0 -22"><span class='ocrx_word' id='word_1_381' title='bbox 855 3587 1136 3659; x_wconf 79' lang='lat' dir='ltr'>nistraret</span> <span class='ocrx_word' id='word_1_382' title='bbox 1167 3632 1189 3662; x_wconf 93' lang='lat'>,</span> <span class='ocrx_word' id='word_1_383' title='bbox 1245 3589 1468 3656; x_wconf 85' lang='lat' dir='ltr'>diurno</span> <span class='ocrx_word' id='word_1_384' title='bbox 1520 3591 1941 3675; x_wconf 61' lang='lat' dir='ltr'>noQurnoque</span> <span class='ocrx_word' id='word_1_385' title='bbox 1982 3607 2142 3652; x_wconf 89' lang='lat' dir='ltr'>tem·</span> <span class='ocrx_word' id='word_1_386' title='bbox 2203 3611 2277 3650; x_wconf 84' lang='lat' dir='ltr'>ra</span> <span class='ocrx_word' id='word_1_387' title='bbox 2295 3603 2441 3671; x_wconf 82' lang='lat' dir='ltr'>pag.</span> <span class='ocrx_word' id='word_1_388' title='bbox 2481 3604 2574 3666; x_wconf 89' lang='lat'>15.</span> <span class='ocrx_word' id='word_1_389' title='bbox 2615 3588 2818 3673; x_wconf 88' lang='lat' dir='ltr'>inquit</span> <span class='ocrx_word' id='word_1_390' title='bbox 2852 3611 2867 3650; x_wconf 90' lang='lat'>:</span> <span class='ocrx_word' id='word_1_391' title='bbox 2927 3585 3125 3653; x_wconf 67' lang='lat' dir='ltr'>Fuisse</span> <span class='ocrx_word' id='word_1_392' title='bbox 3151 3590 3215 3651; x_wconf 88' lang='lat' dir='ltr'>in</span> <span class='ocrx_word' id='word_1_393' title='bbox 3245 3588 3490 3672; x_wconf 89' lang='lat' dir='ltr'>templo</span> 
     </span>
     <span class='ocr_line' id='line_1_37' title="bbox 855 3668 3547 3757; baseline 0.001 -23"><span class='ocrx_word' id='word_1_394' title='bbox 855 3691 1012 3756; x_wconf 82' lang='lat' dir='ltr'>pore</span> <span class='ocrx_word' id='word_1_395' title='bbox 1042 3673 1425 3736; x_wconf 74' lang='lat' dir='ltr'>1.P&#39;aral.xx.</span> <span class='ocrx_word' id='word_1_396' title='bbox 1453 3680 1549 3756; x_wconf 82' lang='lat'>3‘3.</span> <span class='ocrx_word' id='word_1_397' title='bbox 1594 3673 1941 3738; x_wconf 84' lang='lat' dir='ltr'>Cantorum</span> <span class='ocrx_word' id='word_1_398' title='bbox 1958 3671 2144 3738; x_wconf 87' lang='lat' dir='ltr'>Prin·</span> <span class='ocrx_word' id='word_1_399' title='bbox 2208 3670 2542 3757; x_wconf 85' lang='lat' dir='ltr'>suggestum</span> <span class='ocrx_word' id='word_1_400' title='bbox 2575 3670 2735 3735; x_wconf 90' lang='lat' dir='ltr'>inter</span> <span class='ocrx_word' id='word_1_401' title='bbox 2752 3668 3153 3737; x_wconf 82' lang='lat' dir='ltr'>Sacerdotum</span> <span class='ocrx_word' id='word_1_402' title='bbox 3185 3674 3254 3736; x_wconf 72' lang='lat' dir='ltr'>ec</span> <span class='ocrx_word' id='word_1_403' title='bbox 3288 3671 3488 3736; x_wconf 80' lang='lat' dir='ltr'>Israe‘-</span> <span class='ocrx_word' id='word_1_404' title='bbox 3544 3746 3547 3748; x_wconf 42' lang='grc'><strong>,</strong></span> 
     </span>
     <span class='ocr_line' id='line_1_38' title="bbox 853 3753 3486 3837; baseline -0 -18"><span class='ocrx_word' id='word_1_405' title='bbox 853 3754 1063 3837; x_wconf 85' lang='lat' dir='ltr'>cipes,</span> <span class='ocrx_word' id='word_1_406' title='bbox 1103 3757 1205 3823; x_wconf 88' lang='lat' dir='ltr'>seu</span> <span class='ocrx_word' id='word_1_407' title='bbox 1235 3773 1301 3818; x_wconf 89' lang='lat' dir='ltr'>ut</span> <span class='ocrx_word' id='word_1_408' title='bbox 1330 3756 1570 3819; x_wconf 80' lang='lat' dir='ltr'>Grotius</span> <span class='ocrx_word' id='word_1_409' title='bbox 1599 3775 1788 3821; x_wconf 85' lang='lat' dir='ltr'>vocat</span> <span class='ocrx_word' id='word_1_410' title='bbox 1820 3800 1841 3831; x_wconf 96' lang='lat'>,</span> <span class='ocrx_word' id='word_1_411' title='bbox 1886 3761 2128 3833; x_wconf 53' lang='lat' dir='ltr'>aevo-Y»</span> <span class='ocrx_word' id='word_1_412' title='bbox 2207 3753 2285 3817; x_wconf 90' lang='lat' dir='ltr'>lis</span> <span class='ocrx_word' id='word_1_413' title='bbox 2318 3755 2546 3818; x_wconf 89' lang='lat' dir='ltr'>atrium</span> <span class='ocrx_word' id='word_1_414' title='bbox 2589 3753 3014 3817; x_wconf 81' lang='lat' dir='ltr'>constitutum:</span> <span class='ocrx_word' id='word_1_415' title='bbox 3054 3753 3118 3814; x_wconf 88' lang='lat' dir='ltr'>in</span> <span class='ocrx_word' id='word_1_416' title='bbox 3151 3773 3278 3837; x_wconf 86' lang='lat' dir='ltr'>quo</span> <span class='ocrx_word' id='word_1_417' title='bbox 3306 3755 3486 3819; x_wconf 70' lang='lat' dir='ltr'>Leve·-</span> 
     </span>
     <span class='ocr_line' id='line_1_39' title="bbox 848 3832 3490 3930; baseline 0.001 -29"><span class='ocrx_word' id='word_1_418' title='bbox 848 3863 897 3901; x_wconf 79' lang='grc' dir='ltr'>οι</span> <span class='ocrx_word' id='word_1_419' title='bbox 943 3837 1087 3916; x_wconf 69' lang='grc' dir='ltr'>χίςυ</span> <span class='ocrx_word' id='word_1_420' title='bbox 1117 3879 1141 3909; x_wconf 86' lang='grc'>,</span> <span class='ocrx_word' id='word_1_421' title='bbox 1196 3832 1466 3930; x_wconf 71' lang='lat' dir='ltr'>proefeffl</span> <span class='ocrx_word' id='word_1_422' title='bbox 1513 3837 1688 3903; x_wconf 86' lang='lat' dir='ltr'>chori</span> <span class='ocrx_word' id='word_1_423' title='bbox 1747 3836 1970 3902; x_wconf 83' lang='lat' dir='ltr'>Mufici</span> <span class='ocrx_word' id='word_1_424' title='bbox 2016 3855 2141 3902; x_wconf 86' lang='lat' dir='ltr'>tres</span> <span class='ocrx_word' id='word_1_425' title='bbox 2206 3853 2275 3900; x_wconf 67' lang='grc' dir='ltr'>τι</span> <span class='ocrx_word' id='word_1_426' title='bbox 2306 3835 2547 3902; x_wconf 86' lang='lat' dir='ltr'>musicis</span> <span class='ocrx_word' id='word_1_427' title='bbox 2580 3834 2984 3900; x_wconf 86' lang='lat' dir='ltr'>instrumentis</span> <span class='ocrx_word' id='word_1_428' title='bbox 3013 3834 3383 3900; x_wconf 85' lang='lat' dir='ltr'>solemnium</span> <span class='ocrx_word' id='word_1_429' title='bbox 3419 3843 3490 3904; x_wconf 74' lang='grc' dir='ltr'>δί</span> 
     </span>
     <span class='ocr_line' id='line_1_40' title="bbox 848 3916 3496 4003; baseline -0 -19"><span class='ocrx_word' id='word_1_430' title='bbox 848 3939 1025 3998; x_wconf 70' lang='lat' dir='ltr'>erant</span> <span class='ocrx_word' id='word_1_431' title='bbox 1055 3917 1342 3984; x_wconf 73' lang='lat' dir='ltr'>extribus</span> <span class='ocrx_word' id='word_1_432' title='bbox 1359 3916 1619 3990; x_wconf 81' lang='lat' dir='ltr'>familiis</span> <span class='ocrx_word' id='word_1_433' title='bbox 1650 3919 1953 3984; x_wconf 82' lang='lat' dir='ltr'>Leviticis</span> <span class='ocrx_word' id='word_1_434' title='bbox 1984 3964 2007 3994; x_wconf 94' lang='lat'>,</span> <span class='ocrx_word' id='word_1_435' title='bbox 2047 3920 2141 3982; x_wconf 86' lang='lat' dir='ltr'>vi·</span> <span class='ocrx_word' id='word_1_436' title='bbox 2207 3918 2709 4003; x_wconf 85' lang='lat' dir='ltr'>quotidianorum</span> <span class='ocrx_word' id='word_1_437' title='bbox 2741 3917 3180 3984; x_wconf 85' lang='lat' dir='ltr'>sacrificiorum</span> <span class='ocrx_word' id='word_1_438' title='bbox 3212 3938 3496 4003; x_wconf 88' lang='lat' dir='ltr'>tempore</span> 
     </span>
     <span class='ocr_line' id='line_1_41' title="bbox 854 3997 3485 4085; baseline -0.002 -14"><span class='ocrx_word' id='word_1_439' title='bbox 854 4005 1080 4072; x_wconf 89' lang='lat' dir='ltr'>delicet</span> <span class='ocrx_word' id='word_1_440' title='bbox 1106 4003 1368 4074; x_wconf 79' lang='lat' dir='ltr'>Heman.</span> <span class='ocrx_word' id='word_1_441' title='bbox 1404 3997 1620 4085; x_wconf 72' lang='lat' dir='ltr'>Affioepb</span> <span class='ocrx_word' id='word_1_442' title='bbox 1653 4005 1722 4066; x_wconf 89' lang='lat'>&amp;</span> <span class='ocrx_word' id='word_1_443' title='bbox 1753 4003 1971 4065; x_wconf 82' lang='lat' dir='ltr'>Ethan.</span> <span class='ocrx_word' id='word_1_444' title='bbox 2019 4004 2140 4063; x_wconf 86' lang='lat' dir='ltr'>He·</span> <span class='ocrx_word' id='word_1_445' title='bbox 2207 4021 2511 4064; x_wconf 89' lang='lat' dir='ltr'>canerent.</span> <span class='ocrx_word' id='word_1_446' title='bbox 2586 3999 2776 4066; x_wconf 92' lang='lat' dir='ltr'>Conf.</span> <span class='ocrx_word' id='word_1_447' title='bbox 2829 4003 3194 4083; x_wconf 81' lang='lat' dir='ltr'>I&#39;Empereur</span> <span class='ocrx_word' id='word_1_448' title='bbox 3231 4005 3316 4066; x_wconf 73' lang='lat' dir='ltr'>ad</span> <span class='ocrx_word' id='word_1_449' title='bbox 3349 4004 3485 4067; x_wconf 62' lang='lat'>604</span> 
     </span>
     <span class='ocr_line' id='line_1_42' title="bbox 850 4077 3491 4231; baseline -0.005 -73"><span class='ocrx_word' id='word_1_450' title='bbox 850 4111 989 4167; x_wconf 71' lang='lat' dir='ltr'>mn</span> <span class='ocrx_word' id='word_1_451' title='bbox 1019 4087 1085 4157; x_wconf 84' lang='lat' dir='ltr'>in</span> <span class='ocrx_word' id='word_1_452' title='bbox 1113 4083 1358 4157; x_wconf 73' lang='lat' dir='ltr'>familia</span> <span class='ocrx_word' id='word_1_453' title='bbox 1403 4077 1814 4150; x_wconf 53' lang='lat' dir='ltr'>cuchema</span> <span class='ocrx_word' id='word_1_454' title='bbox 1842 4126 1869 4160; x_wconf 89' lang='lat'>,</span> <span class='ocrx_word' id='word_1_455' title='bbox 1922 4081 2139 4168; x_wconf 80' lang='lat' dir='ltr'>Affapb</span> <span class='ocrx_word' id='word_1_456' title='bbox 2207 4084 2499 4151; x_wconf 75' lang='lat' dir='ltr'>Middotb.</span> <span class='ocrx_word' id='word_1_457' title='bbox 2514 4083 2671 4169; x_wconf 66' lang='lat' dir='ltr'>pag.</span> <span class='ocrx_word' id='word_1_458' title='bbox 2711 4102 2810 4165; x_wconf 88' lang='lat'>75.</span> <span class='ocrx_word' id='word_1_459' title='bbox 2867 4081 2995 4150; x_wconf 82' lang='lat' dir='ltr'>vid.</span> <span class='ocrx_word' id='word_1_460' title='bbox 3045 4085 3273 4153; x_wconf 80' lang='lat' dir='ltr'>Dieter.</span> <span class='ocrx_word' id='word_1_461' title='bbox 3303 4090 3431 4231; x_wconf 58' lang='lat' dir='ltr'>ang?</span> <span class='ocrx_word' id='word_1_462' title='bbox 3447 4128 3491 4229; x_wconf 56' lang='grc' dir='ltr'>Ι.</span> 
     </span>
    </p>

    <p class='ocr_par' dir='ltr' id='par_1_5' title="bbox 1776 4185 3495 4231">
     <span class='ocr_line' id='line_1_43' title="bbox 1776 4185 3495 4231; baseline 0 0"><span class='ocrx_word' id='word_1_463' title='bbox 1776 4203 1783 4207; x_wconf 76' lang='grc'><strong>”</strong></span> <span class='ocrx_word' id='word_1_464' title='bbox 1859 4206 1867 4211; x_wconf 90' lang='grc'><em>·</em></span> <span class='ocrx_word' id='word_1_465' title='bbox 1922 4185 1926 4190; x_wconf 38' lang='lat'>⁸</span> <span class='ocrx_word' id='word_1_466' title='bbox 2138 4208 2159 4224; x_wconf 87' lang='lat'>··</span> <span class='ocrx_word' id='word_1_467' title='bbox 2328 4222 2339 4229; x_wconf 90' lang='lat'>.</span> <span class='ocrx_word' id='word_1_468' title='bbox 3115 4220 3121 4225; x_wconf 50' lang='grc' dir='ltr'><strong><em>ι</em></strong></span> <span class='ocrx_word' id='word_1_469' title='bbox 3224 4227 3225 4230; x_wconf 72' lang='grc'>,</span> <span class='ocrx_word' id='word_1_470' title='bbox 3392 4189 3414 4231; x_wconf 60' lang='grc'><strong><em>1</em></strong></span> <span class='ocrx_word' id='word_1_471' title='bbox 3475 4209 3495 4231; x_wconf 73' lang='lat' dir='ltr'>e</span> 
     </span>
    </p>
   </div>
  </div>
 </body>
</html>
