3920 4864
795 284 958 391 328
1241 254 3154 358 DnszunEIHznize'onuu‘

804 417 975 488 enim
1000 423 1185 482 extat
1206 462 1225 490 ‚
1270 401 1642 502 exsbindaem
1668 425 1794 476 tres
1810 400 2077 503 pastores
2102 394 2301 494 reensi
2338 427 2483 473 nno.
2559 397 2822 473 Verba
2841 459 2867 494 ‚
2918 425 3083 501 quae
3111 397 3464 495 citantur}

810 504 1172 585 zachariae
1195 502 1381 578 sunt.
1477 499 1808 599 Sequitur
1833 519 2062 581 autem
2111 498 2582 575 Rabbinicam
2622 497 3308 609 interpretationem,
3362 500 3478 575 uti

810 627 952 703 ego
980 603 1272 712 opinor,
1299 600 1815 698 Hieronymus:
1835 616 2044 697 atque
2075 595 2350 697 insuper
2379 593 2646 671 causam
2675 594 2896 679 addit,
2948 620 3069 671 cur
3095 622 3244 671 uno
3270 620 3472 672 men·

815 699 889 783 se
908 699 1152 775 obiiffe
1179 720 1295 770 eos
1320 696 1574 770 dixerit
1594 713 1824 786 vates,
1872 696 2032 793 qui,
2085 694 2207 769 ubi
2238 711 2552 767 accurate
2583 716 2728 766 rem
2764 691 3024 793 exigis,
3066 693 3295 791 potius
3317 714 3478 767 uno‘

818 798 1224 873 ceciderunt
1255 815 1462 863 anno.
1529 790 1723 864 Utut
1757 791 1906 865 haec
1949 790 2142 875 sunt,
2193 808 2582 891 praepotens
2613 789 2919 863 numinis
2955 791 3059 862 vis
3085 789 3255 881 fuit,
3302 814 3473 888 quae

815 894 1163 996 populum
1211 889 1492 960 exulem
1540 888 1615 962 ὅτ.
1670 890 1988 962 omnium
2038 898 2270 965 rerum
2329 909 2670 987 egenum,
2719 885 2789 960 in
2852 886 3235 984 asperrimis
3289 886 3461 959 locis

822 1010 965 1068 tam
996 988 1117 1061 diu
1151 981 1582 1057 sustentavit.
1633 984 1853 1079 Quod
1885 985 1935 1059 fi
1965 990 2105 1087 jam
2140 986 2255 1058 illa
2297 984 2602 1059 intueare
2628 992 2670 1074 ,'
2698 1007 2857 1081 quae
2888 984 3099 1083 paulo
3128 982 3279 1082 post
3309 1006 3472 1056 eve-

819 1100 1118 1165 nerunt,
1146 1104 1327 1154 .cum
1363 1079 1779 1155 cananaeam
1809 1083 2148 1182 ingress'us
2179 1079 2384 1155 lsrael
2418 1078 2703 1167 est31ibi
2746 1104 2956 1174 vern,
3006 1100 3185 1178 quot
3220 1103 3327 1153 res
3352 1103 3480 1180 ge-

821 1181 992 1270 stae,
1039 1196 1147 1253 tot
1188 1178 1522 1252 miracula
1561 1200 1969 1256 occurrunt.
2019 1179 2340 1254 maximae
2388 1177 2689 1251 hostium
2737 1179 2959 1277 copiae
3007 1202 3217 1277 parva
3268 1201 3478 1251 manu

823 1276 1037 1353 fusae:
1088 1300 1214 1373 per
1256 1272 1606 1348 altissimos
1648 1276 1903 1349 fluvios
1957 1277 2147 1351 siccis
2188 1272 2480 1373 pedibus
2506 1331 2529 1365 ‚
2577 1274 2775 1349 velut
2828 1275 3218 1349 continenti
3254 1332 3277 1367 ,
3373 1299 3486 1348 er·

825 1374 1029 1452 vium
1062 1374 1217 1446 iter.
1262 1373 1681 1470 oppidorum
1735 1375 2001 1450 moenia
2030 1434 2053 1467 ,
2104 1372 2305 1449 nullo
2346 1370 2750 1469 impellente
2780 1429 2804 1462 ‚
2850 1372 3193 1448 subversa.
3423 1382 3527 1446 ω’

830 1471 1070 1548 omnia
1098 1468 1438 1568 ejusmodi
1480 1469 1676 1563 sunt,
1722 1474 1828 1544 uti
1868 1473 2016 1546 vim
2061 1471 2348 1546 eludant
2380 1467 2668 1543 humani
2695 1469 2985 1570 ingenii.
3085 1469 3271 1544 Illud
3316 1493 3494 1543 vero

831 1569 1068 1647 multo
1104 1566 1488 1641 maximum
1527 1569 1669 1659 est,
1717 1572 1908 1664 quod
1944 1570 2148 1643 etiam
2201 1567 2382 1641 Solis
2412 1565 2758 1641 cursum¹⁷
2809 1591 2986 1642 voce
3024 1567 3140 1642 sua
3168 1568 3486 1641 tardave-

831 1667 930 1742 rit
983 1688 1108 1761 per
1163 1662 1515 1760 integrum
1568 1664 1754 1735 diem
1804 1666 2115 1740 summus
2174 1661 2417 1762 populi
2479 1662 2733 1737 duetor
2772 1664 3003 1760 Josue.
3105 1662 3487 1738 Chaldaeus

834 1756 1295 1857 Targumista
1323 1757 1603 1832 Cantici
1617 1757 2076 1837 Canticorum
2113 1766 2249 1854 ait,
2294 1757 2551 1853 Josuen
2580 1778 2752 1833 tunc
2786 1758 3101 1834 ceciniffe
3136 1760 3486 1859 hymnum

832 1854 1085 1946 illum,
1137 1853 1260 1953 qui
1295 1879 1383 1929 ex
1417 1857 1701 1946 decem,
1752 1880 1928 1954 quos
1958 1875 2326 1933 numerant
2350 1913 2371 1943 ,
2474 1856 2710 1932 uintus
2734 1856 2853 1932 est.
2899 1857 3098 1953 Qid
3134 1858 3352 1932 causae
3375 1858 3485 1952 fit,

830 1978 967 2030 cur
994 1953 1219 2048 Judaei
1241 2010 1264 2045 ,
1309 1953 1674 2027 autoritate
1688 1955 2041 2052 cujusdam
2081 1954 2319 2028 Rabbi
2348 1954 2434 2048 Jo
2467 1979 2504 2025 e
2525 1952 2864 2052 permoti,
2911 1954 3324 2029 tradiderint
3353 1957 3490 2030 hoe

840 2049 1113 2133 suetum
1151 2052 1286 2131 ejsse
1328 2062 1481 2164 ³0³]
1535 2023 1701 2133 ’.Ἀθ
1744 2066 1938 2135 nvn
1985 2053 2292 2123 Kalendis
2346 2075 2561 2120 ments
2620 2055 2832 2147 Mssm
2866 2109 2889 2144 ‚
2949 2073 3158 2150 atque
3207 2052 3290 2125 ‚in
3336 2079 3486 2128 eam

838 2150 1031 2224 diem
1055 2205 1077 2238 ‚
1125 2166 1377 2244 praeter
1404 2146 1683 2223 solitum
1707 2205 1725 2230 ‚
1775 2149 2085 2223 incidisse
2116 2145 2618 2247 aequinostium
2643 2173 2807 2238 3nos
2836 2149 3148 2222 divinare
3170 2173 3315 2225 non
3339 2150 3493 2249 pos-

842 2243 1123 2316 sumus:
1172 2241 1298 2315 nifi
1328 2243 1519 2340 quod
1549 2242 1867 2337 profe&o
1899 2245 2123 2319 fatalis
2145 2245 2483 2325 delirandi
2511 2244 2731 2320 libido
2758 2244 3108 2345 subegerit
3138 2269 3256 2320 eos
3293 2249 3495 2324 mira-

836 2334 989 2415 culi
1025 2356 1401 2411 extenuare
1431 2340 2009 2437 magnitudinem.
2107 2341 2331 2418 Satius
2361 2340 2627 2428 fuisset,
2672 2343 2758 2416 ad
2788 2341 3182 2417 venerabile
3197 2347 3306 2420 sei
3343 2370 3497 2446 my·-

831 2432 1130 2537 jsterium
1174 2435 1470 2533 stupere.
1570 2438 1709 2513 Sed
1738 2443 2018 2516 tandem
2066 2439 2312 2513 habeat
2354 2439 2571 2513 finem
2600 2438 2975 2551 aliquando
3018 2441 3169 2514 haec
3199 2442 3503 2518 differta-

843 2530 973 2607 tio.
1075 2531 1451 2631 Postquam
1499 2535 1717 2704 i'gitur
1763 2536 2274 2611 Cananenfium
2332 2536 2538 2635 potiti
2585 2535 2905 2612 Israe‘litae
2942 2535 3149 2629 sunt,
3188 2539 3310 2613 diu
3356 2541 3529 2613 Eo:

831 2628 1051 2705 -‘cleiia
1076 2629 1483 2704 communis
1544 2633 1647 2706 uit
1677 2634 2046 2710 duodecim
2087 2632 2426 2708 tribuum.
2478 2656 2606 2707 nec
2650 2655 2808 2707 ante
2849 2635 3142 2728 mutatio
3184 2635 3485 2727 inceffit‚

840 2745 1059 2824 quam
1120 2727 1511 2802 Salomonis
1545 2730 1853 2805 decessus
1902 2733 2082 2804 inter
2123 2729 2526 2803 dominandi
2574 2730 2816 2803 avi-dos
2859 2732 3190 2805 certamen
3238 2732 3490 2829 ingens

836 2821 1315 2900 cxcitassetde
1353 2846 1601 2921 regno.
1697 2827 1805 2901 lbi
1837 2827 2067 2900 sciffus
2098 2827 2168 2897 in
2198 2824 2541 2899 contraria
2570 2825 2791 2900 studia
2819 2828 3003 2903 sacer
3033 2851 3121 2925 po
3170 2828 3328 2901 ulus
3364 2829 3498 2921 est,

832 2943 1011 2995 cum
1067 2944 1216 3020 pars
1269 2919 1427 2992 haee-
1468 2922 1924 2998 Roboamum
1971 2921 2359 2998 Salomonis
2407 2922 2684 3017 filium,
2727 2949 2884 3024 pars
2934 2926 3052 2998 illa
3133 2919 3503 3022 equerctur

770 3063 779 3068 —
834 3017 1308 3093 Effraimitam
1345 3018 1901 3096 Hieroboamum
1941 3019 2286 3094 Nabotho
2384 3020 2681 3095 enitum.
2776 3025 2850 3122 A
2886 3020 3270 3097 Roboamo
3301 3024 3507 3120 Judas

836 3117 926 3191 ὅ(
957 3115 1322 3214 Benjamin
1354 3114 1582 3188 stetit:
1632 3119 1721 3189 ab
1756 3120 2241 3190 Hieroboamo
2278 3142 2348 3189 re
2384 3120 2565 3213 iquae
2602 3119 2842 3192 decem
2875 3119 3125 3194 tribus.
3175 3121 3295 3195 ille
3325 3122 3503 3194 Hie-

847 3211 1269 3313 rosolymam
1308 3212 1383 3286 &
1431 3211 1729 3286 finitima
1768 3214 1920 3287 loca
1957 3271 1976 3298 ,
2026 3215 2140 3286 hic
2176 3212 2578 3304 Sichemum
2626 3216 2868 3290 tenuit.
2968 3218 3071 3288 Ita
3107 3218 3254 3292 duo
3296 3241 3506 3318 regna

848 3308 1198 3383 extitere:
1248 3331 1550 3405 quorum
1598 3309 1891 3396 alterum
1939 3312 2307 3406 Judaicum
2348 3367 2369 3400 ‚
2416 3311 2708 3386 alterum
2755 3312 2853 3385 cst
2905 3312 3362 3390 Israeliticum
3401 3318 3507 3389 di-

858 3397 1086 3476 cium.
1186 3402 1452 3502 Neque
1487 3429 1653 3480 vero
1688 3408 1935 3480 manfit
1982 3408 2688 3507 intemeratagreligio.
2740 3408 3000 3507 quippe
3027 3411 3115 3484 ad
3155 3414 3503 3487 idolorum

836 3494 1123 3572 ‘cultum
1163 3500 1385 3573 tribus
1407 3501 1551 3576 suas
1580 3522 1919 3578 averterat
1952 3502 2500 3588 Hieroboamus,
2548 3526 2626 3578 ut
2646 3504 2991 3590 sacrorum
3025 3507 3506 3584 diffimilitudo

835 3588 1199 3669 'dimdium
1226 3613 1526 3697 ‘quoque
1557 3617 1845 3703 augeret
1873 3601 2296 3679 insensatum
2335 3599 2662 3702 partium.
2759 3601 3001 3701 Qare
3051 3606 3298 3679 exilia
3328 3625 3512 3681 tem-

3383 3727 3512 3803 Pt-

2210 3887 2423 4032 ἕως.
2443 3892 2622 3952 1660·
2663 3901 2853 3970 quam
2880 3880 3165 3970 evolvere
3193 3882 3348 3968 velit
3382 3880 3520 3949 Le.-

2271 3990 2364 4034 Or·

826 3843 856 3959 ο,
941 3889 1038 3952 17.
1081 3874 1231 3940 Solis
1259 3875 1481 3959 cuaefias]
1546 3878 1648 3945 De
1683 3882 1806 3949 hoc
1838 3853 2147 3948 miraculo

858 3957 1338 4040 dissertationem
1371 3959 1590 4026 habuit
1620 3965 1723 4028 Cl.
1757 3966 1909 4047 Joh.
1945 3969 2144 4051 'Volff-

849 4062 1010 4129 gang
1039 4045 1371 4133 Rufi-hius
1397 4047 1466 4111 de
1483 4050 1667 4130 quiete
1678 4049 1827 4113 Solis
1839 4051 1975 4112 edit.
1992 4055 2147 4116 Wit-
