3920 4864
1235 314 1503 396 Ltn.
1602 317 1707 394 11.
1889 321 2182 399 CAP.
2274 320 2473 402 XX.
2537 317 2554 336 ‘
2971 328 3176 433 343}—

435 456 753 549 'tanquam
790 417 1131 522 'Israelitae
1186 443 1273 515 ad
1319 465 1557 540 pacem
1610 439 2026 549 solicitai‘ent
2054 447 2106 519 ⁸.
2199 446 2280 521 δε·
2321 448 2516 523 causa
2564 445 2822 524 ibidem
2851 451 2852 454 ’
2880 448 3118 528 editur

442 542 787 649 ejusmodi
818 602 841 633 ,
907 541 1072 656 quoia
1108 560 1583 630 commeatum
1604 536 1985 615 ⁹1srae’ht1s
2028 565 2170 616 non
2208 546 2630 619 advexerant
2657 569 2747 619 ex
2777 544 3114 647 AEgypto

590 657 602 668 ‘
2987 668 3113 717 ve-

455 761 589 847 they
617 782 718 825 are
757 760 974 823 become
1028 757 1352 842 Profilytes
1382 803 1404 833 ‚
1467 755 1588 821 and
1610 756 1757 819 have
1818 761 1944 821 ullis
1978 756 2166 822 diebus
2194 764 2254 824 in
2267 759 2523 842 ficulum
2542 807 2562 836 ,
2618 766 2749 848 (qui
2783 783 2984 828 textus
3009 763 3105 827 vi·

468 853 641 912 taken
656 861 805 927 upon
827 842 983 906 them
1010 842 1100 903 all
1127 842 1224 905 the
1253 846 1756 905 commanda-ments
1821 839 1998 904 detur
2031 843 2224 923 priori
2257 843 2681 912 contradicere
2715 871 2731 909 z
2787 847 2865 909 fic
2896 866 3109 911 autem

461 930 652 1000 which
686 950 786 991 are
839 932 899 990 in
934 927 1078 988 Law
1111 970 1151 998 ‚.
1191 926 1301 989 like
1332 926 1756 1008 wrfifirvants
1818 923 2218 1003 conciliatur)
2258 936 2523 1007 quamvis
2538 951 2647 992 non
2681 947 3105 1013 queratur-pax

468 1014 635 1076 when
667 1012 797 1092 they
828 1032 929 1071 erre
959 1012 1120 1071 made
1135 1009 1275 1091 free
1308 1052 1328 1081 ‚
1370 1011 1457 1073 loe
1491 1009 1619 1091 they
1656 1030 1769 1069 ara.-v
1815 1028 2043 1080 eorum,
2073 1006 2134 1088 fi
2172 1023 2363 1071 tamen
2394 1018 2563 1092 pacis
2606 1017 2946 1077 conditiones
3000 1013 3111 1094 ἱρῇ

463 1117 533 1158 tu·
566 1096 857 1178 Iftaelites
897 1098 956 1156 in
1005 1094 1096 1153 all
1126 1094 1380 1172 respeae‘is.
1431 1094 1606 1155 Num.
1652 1112 1756 1163 xv,
1803 1092 2001 1169 sponte
2022 1091 2285 1172 praestent
2300 1137 2321 1165 ‚
2364 1100 2715 1176 recipiuntur
2732 1141 2755 1169 ,
2800 1103 2935 1178 quia
2958 1100 3104 1161 dici-

464 1192 566 1253 15.
606 1181 728 1239 and
748 1182 799 1239 it
828 1180 879 1237 is
923 1174 1067 1237 Low
1100 1177 1312 1258 ullsor
1337 1176 1489 1237 them
1520 1192 1575 1236 te
1605 1196 1778 1238 come·
1817 1191 1916 1235 tm·
1960 1172 2140 1247 (ibid.
2162 1178 2311 1237 vers.
2360 1184 2458 1253 17)
2500 1182 2559 1240 in
2587 1178 2724 1241 bono
2736 1181 2848 1262 suo
2868 1196 3109 1262 ‘nonpo-

457 1266 584 1324 r'nto
615 1259 710 1321 the
743 1257 965 1320 Churcb
998 1281 1028 1319 0
1093 1261 1260 1321 Lord
1282 1302 1304 1331 ,
1348 1277 1447 1321 out
1480 1259 1556 1341 os
1576 1259 1746 1320 hand.
1804 1259 2026 1339 puleris
2073 1280 2196 1319 eum
2264 1258 2438 1332 (licet
2488 1258 2563 1323 de
2609 1263 2782 1324 servo
2810 1262 3058 1325 dicium
3082 1302 3118 1336 ,μ

470 1379 565 1393 ---
609 1380 699 1392 ---
740 1342 856 1403 The
891 1341 1215 1404 Ammo'nite
1250 1343 1369 1402 and
1400 1341 1495 1403 the
1528 1342 1757 1404 Moabi-

474 1443 532 1488 τε
573 1447 673 1487 are
689 1426 995 1508 forbidden
1007 1425 1122 1506 for
1158 1445 1292 1488 ever
1328 1468 1350 1497 ‚
1413 1423 1510 1486 the
1542 1426 1720 1485 males
1735 1468 1756 1496 ,

471 1509 575 1570 but
605 1524 705 1572 not
746 1508 839 1570 the
868 1508 1142 1590 fimales.
1197 1509 1375 1569 Deut.
1423 1524 1655 1571 xx111.
1701 1527 1754 1588 3.

473 1593 776 1656 Attamen
825 1591 945 1655 hoc
1002 1588 1438 1655 Rabbinorum
1469 1589 1756 1675 effugium

472 1696 594 1739 non
627 1676 713 1739 ita
749 1672 1021 1738 validum
1060 1718 1080 1746 ,
1145 1691 1212 1741 ut
1255 1673 1425 1752 rejici
1461 1695 1582 1736 non
1618 1677 1754 1758 pos-

466 1758 559 1823 fit.
607 1757 897 1822 Edictum
931 1757 1297 1843 generaliter
1330 1756 1605 1841 loquitur
1624 1779 1754 1821 :am

469 1841 545 1906 de
585 1842 876 1906 masculis
909 1884 930 1913 ,
992 1837 1180 1923 quam
1231 1838 1500 1904 faeminis
1535 1887 1553 1915 ‚
1615 1863 1749 1925 qua:

469 1924 575 1988 nisi
610 1926 973 2009 religionem
1024 1924 1146 1989 Dei
1194 1924 1258 1986 in
1307 1926 1365 1986 se
1416 1925 1752 2008 reciperent

471 2007 653 2076 &iad
695 2009 903 2073 Deum
953 2010 1011 2072 se
1060 2026 1485 2070 converterent
1520 2052 1541 2079 ,
1602 2028 1753 2070 nun-

406 2125 409 2128 ·
470 2087 663 2175 quam
694 2091 1144 2186 recipiebantur
1173 2136 1193 2163 ,
1253 2093 1322 2155 &
1357 2088 1753 2173 illegitimum

474 2194 608 2237 erat
637 2195 779 2238 cum
814 2174 940 2240 iilis
985 2173 1340 2259 conjugium
1372 2173 1754 2237 contrahere.

470 2258 709 2321 Nehem.
745 2277 929 2331 x111,
964 2277 1066 2341 23,
1116 2263 1219 2332 24,
1273 2273 1342 2331 25
1393 2259 1523 2340 Est.
1566 2275 1658 2331 tx,
1696 2275 1753 2331 1,

472 2360 530 2406 2.
621 2345 934 2409 Notanter
975 2342 1183 2426 itaque
1224 2338 1470 2404 additur
1508 2341 1570 2402 in
1586 2344 1752 2424 ficu-

466 2426 590 2490 lum
629 2472 648 2501 ,
708 2426 877 2510 quod
910 2424 1062 2491 bene
1093 2423 1365 2509 explicat
1394 2425 1746 2487 Aius-worth.

472 2508 937 2571 Commentinh.
970 2512 1011 2571 l.
1032 2510 1153 2591 sol.
1189 2532 1264 2571 m.
1290 2527 1387 2582 99,
1417 2510 1752 2571 edit.Lond.

470 2590 564 2654 ita
597 2589 879 2655 differens
914 2613 929 2652 ε
987 2593 1062 2654 So
1106 2598 1157 2654 it
1202 2592 1513 2674 appear-eth
1546 2636 1566 2665 ‚
1624 2592 1759 2654 that

470 2674 570 2737 the
599 2676 890 2738 Moabites
922 2678 1041 2735 and
1059 2676 1403 2738 Ammonites
1438 2675 1626 2756 might
1661 2698 1756 2737 ne-

469 2768 575 2821 ioet·
604 2760 666 2819 be
696 2782 797 2823 one
827 2760 964 2839 body
993 2759 1134 2822 with
1166 2760 1256 2820 tbe
1282 2757 1756 2821 Commomoealth

471 2844 548 2925 of
564 2845 756 2924 Ista'e'l
774 2888 791 2915 ‚
831 2842 1045 2921 though
1083 2842 1248 2904 other
1269 2844 1500 2924 peoples
1532 2842 1754 2923 might,

474 2945 544 2985 as
572 2924 792 3003 Jether
824 2949 898 2985 an
933 2927 1239 3006 (sinae-‘lita
1279 2941 1331 2986 1.
1368 2924 1506 2985 Chr.
1533 2941 1619 2985 11.
1660 2943 1750 2999 17.

475 3010 529 3072 is
584 3009 772 3070 called
808 3031 883 3070 an
924 3011 1214 3091 Israelita
1267 3025 1324 3070 2.
1372 3010 1531 3070 Sam.
1572 3024 1752 3080 xvn,

476 3105 575 3165 25.

559 3176 616 3234 8.
658 3171 760 3233 Ad
784 3189 984 3255 pacem
1015 3175 1418 3258 solicitat-ent]
1512 3169 1753 3234 Eadem

469 3252 758 3318 dicuntur
794 3255 869 3319 de
902 3260 1164 3320 Canaitiae
1213 3258 1344 3340 Est.
1387 3274 1483 3325 1x,
1522 3271 1614 3325 11,
1655 3269 1747 3315 12.

465 3335 617 3401 Hoc
672 3358 794 3403 non
854 3341 1049 3403 intelli
1097 3340 1317 3402 endum
1381 3336 1454 3401 de
1509 3336 1750 3399 malitia

461 3420 842 3487 vindicanda
863 3467 880 3495 ‚
924 3362 1093 3506 quod
1120 3420 1400 3505 injustum
1425 3426 1588 3484 Rom.
1611 3437 1680 3481 x1
1697 3439 1749 3493 1,

459 3518 557 3578 17.
593 3522 687 3575 19.
719 3526 831 3570 nec
858 3504 1200 3588 putandum
1237 3504 1405 3590 quod
1438 3504 1594 3567 salus
1614 3504 1748 3565 ani-

458 3604 705 3651 marum
755 3609 879 3653 non
911 3587 980 3652 fit
1011 3588 1400 3684 procuranda
1442 3606 1470 3650 1
1507 3591 1653 3648 Tim.
1688 3606 1748 3658 2,

458 3686 522 3742 4.
556 3667 712 3751 ‚Sed
746 3670 843 3736 his
873 3674 1194 3755 respicitur
1236 3672 1452 3754 populi
1485 3668 1746 3731 infideli-

458 3770 579 3815 τας.
663 3753 823 3818 Haec
867 3757 1152 3839 exceptio
1200 3755 1424 3838 prioris
1478 3753 1628 3836 legis
1664 3751 1744 3813 est

456 3836 639 3896 Deut.
677 3853 787 3911 xx,
825 3856 920 3902 10.
982 3862 1141 3924 quae*
1164 3837 1238 3901 de
1286 3837 1605 3901 oblatione
1639 3855 1748 3918 pa-

456 3918 550 3981 cis
584 3919 714 4003 agit
745 3920 806 3983 in
839 3922 1009 3986 bello
1041 3923 1346 4006 legitimo,
1396 3922 1635 3986 Verum
1670 3917 1744 3982 de

448 4002 697 4065 Ammon
730 4008 796 4069 &
827 4007 1007 4069 Moab
1039 4004 1268 4070 dicitur
1309 4011 1487 4068 Deut.
1526 4020 1742 4068 xx111.

452 4097 511 4151 6.
553 4088 690 4155 Non
715 4111 935 4175 quaeras
949 4105 1153 4171 pacem
1185 4093 1282 4157 vel
1308 4086 1506 4159 bonm‘n
1534 4111 1747 4165 eorum>

1817 1347 2058 1418 tamen)
2119 1342 2219 1402 hos
2253 1349 2429 1406 etiam
2468 1343 2907 1426 comprehendit.
2949 1344 3105 1409 Vid.

1823 1424 1925 1485 Cl.
1970 1425 2300 1488 Schickard.
2348 1433 2407 1489 in
2489 1423 2601 1492 ‘mn
2643 1443 2808 1491 mvn
2841 1443 2988 1509 pag.
3024 1423 3112 1491 m.-

1822 1521 1958 1590 306.
2009 1510 2145 1570 edit.
2210 1510 2371 1590 Lipfi
2435 1445 2692 1573 donfer.
2753 1512 3101 1575 Maimonid.

1816 1608 1951 1653 tom.
1987 1609 2045 1661 4.
2078 1599 2258 1656 traae‘i‘.
2292 1596 2359 1653 de
2391 1595 2535 1674 Reg.
2570 1618 2620 1656 c.
2656 1606 2714 1655 6.
2729 1596 2792 1676 s
2830 1606 2890 1656 6.

1902 1693 1955 1743 9.
2002 1675 2415 1755 Commeatum]
2467 1678 2737 1758 Causam
2768 1676 2944 1758 hujus
2966 1674 3103 1739 red-

1817 1753 1908 1818 dit
1943 1757 2151 1820 Autor
2184 1757 2384 1821 noster
2416 1803 2437 1833 ,
2481 1757 2649 1842 quod
2680 1778 3107 1823 commeatum

1818 1861 1941 1902 non
1968 1839 2321 1905 advexerint
2348 1887 2371 1916 ,
2429 1864 2559 1925 quae
2599 1843 2789 1907 etiam
2837 1843 2902 1906 in
2955 1843 3104 1907 scri-

1819 1944 1997 2004 ptura
2028 1926 2198 1986 sacra
2230 1925 2621 1997 continetur3
2666 1947 2880 1990 verum
2911 1926 3108 1990 aliam

1819 2019 2064 2089 quoque
2108 2010 2354 2069 causam
2400 2007 2575 2071 addit
2620 2012 2837 2072 Paulus
2891 2012 3107 2089 Fagius

1814 2096 1872 2151 in
1908 2106 2103 2152 annot.
2132 2093 2215 2150 ad
2237 2091 2597 2175 Paraphrafi
2626 2091 2926 2156 Chaldaic.
2946 2097 3005 2153 in
3035 2091 3099 2155 h.

1813 2171 1854 2233 l.
1893 2173 1980 2235 ita
2014 2173 2313 2239 scribens:
2360 2175 2563 2237 Porro
2599 2175 2989 2238 Ammonitae
3026 2182 3096 2240 δε

1814 2254 2115 2319 Moabitae
2153 2278 2273 2319 non
2308 2276 2439 2320 tam
2474 2280 2547 2322 ex
2582 2281 2680 2333 e0,
2700 2257 2869 2345 quod
2900 2278 2973 2322 ex
3005 2257 3105 2321 in·-
3201 2337 3204 2340 Ι

1811 2339 1972 2402 cestu
1993 2340 2122 2403 nati
2156 2359 2327 2404 erant
2359 2342 2422 2411 in
2456 2339 2796 2407 Ecclesiam
2833 2339 3103 2406 Domini

1812 2423 2015 2487 venire
2049 2421 2453 2506 prohibentur
2475 2470 2496 2498 ,
2539 2447 2727 2509 quam
2750 2447 2821 2489 ex
2839 2447 2914 2489 eo
2935 2424 3105 2509 quod

1811 2509 1867 2569 sc
1890 2507 2165 2591 ingratos
2199 2528 2344 2591 erga
2374 2508 2536 2570 filios
2568 2509 2759 2572 Israel
2790 2508 3100 2571 exhibuis-

1810 2591 1956 2653 sent.
2005 2587 2425 2656 Mandaverat
2466 2589 2638 2655 Deus
2670 2595 2847 2654 Deae.
2876 2607 2965 2654 11.
3012 2590 3097 2670 ᾗ.

1814 2698 1871 2754 9.
1924 2694 1998 2737 ne
2045 2671 2356 2737 obsideant
2422 2675 2718 2739 Israfilitae
2767 2674 3106 2749 Moabitas,

1815 2777 2004 2842 neque
2035 2757 2314 2832 irritent,
2359 2778 2424 2823 ut
2459 2760 2664 2824 ineant
2699 2780 2844 2837 cum
2868 2758 3103 2821 eisbel-

1812 2840 1964 2905 lum.
2052 2843 2297 2926 Anglus
2331 2841 2595 2907 reddidit
2629 2866 2644 2906 :
2707 2842 2973 2985 Dssrff
3003 2858 3104 2905 not

1814 2926 1992 2986 Moab
2024 2969 2044 2996 ,
2087 2927 2310 2987 neither
2341 2929 2555 2988 meddle
2595 2926 2732 2988 thou
2768 2933 2873 2989 wit
2948 2925 3101 2986 rbem

1813 3012 1872 3067 in
1900 3008 2105 3067 battel.
2198 3007 2423 3071 Voluit
2465 3009 2635 3072 Deus
2666 3053 2687 3081 ,
2745 3031 2817 3071 ne
2849 3008 3106 3085 Moyses

1813 3088 1979 3149 bello
2013 3086 2319 3152 lacesseret
2349 3109 2474 3152 θος.
2554 3090 2755 3170 Hujus
2792 3089 2883 3150 illi
2919 3089 3102 3150 bene-

1811 3170 1934 3232 ficii
1963 3172 2361 3235 immemores
2393 3172 2630 3233 inimici
2680 3192 2750 3234 ac
2800 3170 3102 3233 hostiliter

1807 3256 1923 3317 sese
1948 3254 2370 3319 exhibuerunt.
2420 3256 2589 3316 Nam
2621 3254 2835 3336 priscis
2854 3274 3099 3316 morem

1807 3334 1977 3400 fuisse
2030 3336 2241 3401 dicunt
2278 3383 2299 3411 ,
2362 3336 2704 3421 hospitibus
2740 3359 2813 3402 ac
2849 3356 3106 3421 praeter-

1810 3419 2094 3484 euntibus
2149 3419 2397 3505 populis
2430 3467 2448 3494 ‚
2508 3443 2731 3504 panem
2766 3427 2834 3487 Bc
2873 3442 3104 3506 aquam

1813 3502 2032 3568 offerre
2066 3526 2182 3587 pro
2221 3505 2479 3590 pecunia
2511 3550 2529 3579 ,
2590 3504 2656 3569 id
2689 3527 2897 3571 tamen
2937 3506 3101 3569 Am-

1816 3588 2068 3651 monitae
2137 3594 2205 3653 δε
2291 3589 2596 3654 Moabitae
2672 3592 3104 3674 neglexerunt,
3164 3608 3173 3617 ·

1811 3692 1996 3755 quare
2013 3672 2198 3751 etiaffim
2222 3692 2424 3754 paenas
2447 3673 2642 3738 luunt.
2665 3671 2922 3738 Confer.
2941 3677 3101 3736 ch-
3121 3714 3192 3760 ι,
3207 3732 3238 3739 -.
3259 3729 3268 3738 .

1809 3777 1914 3817 rec.
1956 3756 2316 3817 Ainsmorth.
2363 3757 2672 3820 Continent.
2723 3764 2783 3822 in
2829 3759 2884 3821 h.
2922 3758 3098 3840 l.fol.

1815 3857 1912 3927 99.
1962 3837 2228 3924 Qiando
2267 3840 2473 3915 itaque
2508 3863 2736 3906 naturae
2757 3841 2976 3926 injuria
3008 3840 3118 3927 ἑτι-θ

1816 3916 2005 3984 fertur
2029 3965 2045 3991 ,
2093 3922 2259 3986 bello
2288 3922 2435 4004 juste
2463 3925 2830 3989 vindicatur.
2900 3925 3102 3985 Natu-

1816 4028 1892 4069 rae
1930 4026 2136 4069 autem
2173 4004 2438 4073 inferunt
2480 4010 2767 4092 injuriam
2793 4054 2810 4080 ,
2855 4004 2954 4088 qui
2977 4004 3105 4065 evi-

1816 4089 2026 4154 denter
2063 4113 2325 4176 peccant
2380 4114 2596 4159 contra
2628 4089 2722 4175 jus
2768 4106 2996 4231 natulrae
3038 4091 3106 4175 ξιτ

2328 4179 2392 4241 Χ
2417 4196 2453 4237 x
2952 4187 3113 4231 omr-
